
@book{williamcryptography,
  title={Cryptography and Network Security - Principles and Practice, 7th Edition},
  year={2016},
  author={William, S.},
  isbn={9789353942564},
  url={https://books.google.com/books?id=AhDCDwAAQBAJ},
  publisher={Pearson Education India}
}

@book{gallier2011discrete,
  title={Discrete Mathematics},
  author={Gallier, J.},
  isbn={9781441980472},
  lccn={2012419782},
  series={Universitext},
  url={https://books.google.com/books?id=HXSjIP0OgCUC},
  year={2011},
  publisher={Springer New York}
}


@book{burton2006elementary,
  title={Elementary Number Theory},
  author={Burton, D.M.},
  isbn={9780070616073},
  url={https://books.google.com/books?id=XMQjuoTqqRMC},
  year={2006},
  publisher={Tata McGraw-Hill Publishing Company Limited}
}

@book{tattersall1999elementary,
  title={Elementary Number Theory in Nine Chapters},
  author={Tattersall, J.J.},
  isbn={9780521585033},
  lccn={98004541},
  series={Elementary Number Theory in Nine Chapters},
  url={https://books.google.com/books?id=QGgLbf2oFUYC},
  year={1999},
  publisher={Cambridge University Press}
}

@book{rosen2005elementary,
  title={Elementary Number Theory and Its Applications},
  author={Rosen, K.H.},
  isbn={9780321237071},
  lccn={2004057054},
  series={Alternative eText Formats Series},
  url={https://books.google.com/books?id=jD0lAQAAIAAJ},
  year={2005},
  publisher={Pearson/Addison Wesley}
}

@book{leveque1996fundamentals,
  title={Fundamentals of number theory},
  author={LeVeque, W.J.},
  year={1996},
  publisher={Dover Pubns}
}

@book{baker1984concise,
  title={A Concise Introduction to the Theory of Numbers},
  author={Baker, A.},
  isbn={9780521286541},
  lccn={84001911},
  url={https://books.google.com/books?id=hAFfb8BBC0IC},
  year={1984},
  publisher={Cambridge University Press}
}


@book{nathanson2008elementary,
  title={Elementary Methods in Number Theory},
  author={Nathanson, M.B.},
  isbn={9780387227382},
  lccn={99042812},
  series={Graduate Texts in Mathematics},
  url={https://books.google.com/books?id=sE7lBwAAQBAJ},
  year={2008},
  publisher={Springer New York}
}

@book{dudley2012elementary,
  title={Elementary Number Theory: Second Edition},
  author={Dudley, U.},
  isbn={9780486134871},
  series={Dover Books on Mathematics},
  url={https://books.google.com/books?id=tr7SzBTsk1UC},
  year={2012},
  publisher={Dover Publications}
}
@book{niven1966introduction,
  title={An Introduction to the Theory of Numbers},
  author={Niven, I. and Zuckerman, H.S.},
  lccn={73178149},
  url={https://books.google.com/books?id=QkFVzgEACAAJ},
  year={1966},
  publisher={Wiley}
}

@book{davenport2008higher,
  title={The Higher Arithmetic: An Introduction to the Theory of Numbers},
  author={Davenport, H.},
  isbn={9781139643528},
  url={https://books.google.com/books?id=VdMhAwAAQBAJ},
  year={2008},
  publisher={Cambridge University Press}
}
















@book{adler1995theory,
  title={The Theory of Numbers: A Text and Source Book of Problems},
  author={Adler, A. and Coury, J.E.},
  isbn={9780867204728},
  lccn={94041865},
  series={Important figures in the history of number theory},
  url={https://books.google.com/books?id=XvvuAAAAMAAJ},
  year={1995},
  publisher={Jones and Bartlett}
}

@book{eynden2001elementary,
  title={Elementary number theory},
  author={Eynden, C.V.},
  year={2001},
  publisher={McGraw-Hill}
}

@book{andreescu2009number,
  title={Number theory: structures, examples, and problems},
  author={Andreescu, T. and Andrica, D.},
  year={2009},
  publisher={Springer}
}

@book{bolker1970elementary,
  title={Elementary number theory: an algebraic approach},
  author={Bolker, E.D.},
  year={1970},
  publisher={WA Benjamin}
}

@book{burn1997pathway,
  title={A pathway into number theory},
  author={Burn, R.P.},
  year={1997},
  publisher={Cambridge Univ Pr}
}

@book{cohen1993course,
  title={A course in computational algebraic number theory},
  author={Cohen, H.},
  volume={138},
  year={1993},
  publisher={Springer}
}
@book{everest2005introduction,
  title={An introduction to number theory},
  author={Everest, G. and Ward, T.},
  year={2005},
  publisher={Springer Verlag}
}

@book{griffin1954elementary,
  title={Elementary theory of numbers},
  author={Griffin, H.},
  year={1954},
  publisher={McGraw-Hill}
}

@book{robbins2006beginning,
  title={Beginning number theory},
  author={Robbins, N.},
  year={2006},
  publisher={Jones \& Bartlett Learning}
}

@book{ireland1990classical,
  title={A classical introduction to modern number theory},
  author={Ireland, K.F. and Rosen, M.I.},
  volume={84},
  year={1990},
  publisher={Springer}
}


