@article {MR1879381,
    AUTHOR = {Smith, David Andrew},
     TITLE = {Gr\"obner bases in orders of algebraic number fields},
   JOURNAL = {J. Symbolic Comput.},
  FJOURNAL = {Journal of Symbolic Computation},
    VOLUME = {33},
      YEAR = {2002},
    NUMBER = {2},
     PAGES = {209--220},
      ISSN = {0747-7171},
   MRCLASS = {13P10 (11R04 13F05)},
  MRNUMBER = {1879381},
MRREVIEWER = {Joachim Apel},
       DOI = {10.1006/jsco.2001.0501}
}

@book {MR2722294,
    AUTHOR = {Hastie, Trevor and Tibshirani, Robert and Friedman, Jerome},
     TITLE = {The elements of statistical learning},
    SERIES = {Springer Series in Statistics},
   EDITION = {Second},
      NOTE = {Data mining, inference, and prediction},
 PUBLISHER = {Springer, New York},
      YEAR = {2009},
     PAGES = {xxii+745},
      ISBN = {978-0-387-84857-0},
   MRCLASS = {62Gxx (62-09 62H25 62H30 62J07 68T05)},
  MRNUMBER = {2722294},
MRREVIEWER = {Gilles Blanchard},
       DOI = {10.1007/978-0-387-84858-7}
}

@book {MR2247587,
    AUTHOR = {Bishop, Christopher M.},
     TITLE = {Pattern recognition and machine learning},
    SERIES = {Information Science and Statistics},
 PUBLISHER = {Springer, New York},
      YEAR = {2006},
     PAGES = {xx+738},
      ISBN = {978-0387-31073-2; 0-387-31073-8},
   MRCLASS = {62-01 (62H30 62J05 62M45 68-01 68T05 68T10)},
  MRNUMBER = {2247587},
       DOI = {10.1007/978-0-387-45528-0}
}


@book{mitchell1997machine,
  title={Machine Learning},
  author={Mitchell, T.M.},
  isbn={9780071154673},
  lccn={97007692},
  series={McGraw-Hill International Editions},
  url={https://books.google.com/books?id=EoYBngEACAAJ},
  year={1997},
  publisher={McGraw-Hill}
}

@incollection {MR3204133,
    AUTHOR = {Kuhn, Harold W. and Tucker, Albert W.},
     TITLE = {Nonlinear programming [reprint of MR0047303]},
 BOOKTITLE = {Traces and emergence of nonlinear programming},
     PAGES = {247--258},
 PUBLISHER = {Birkh\"auser/Springer Basel AG, Basel},
      YEAR = {2014},
   MRCLASS = {90-03 (01A75 90C30 90C46)},
  MRNUMBER = {3204133},
       DOI = {10.1007/978-3-0348-0439-4_11}
}
		
@inproceedings {MR0047303,
    AUTHOR = {Kuhn, H. W. and Tucker, A. W.},
     TITLE = {Nonlinear programming},
 BOOKTITLE = {Proceedings of the {S}econd {B}erkeley {S}ymposium on
              {M}athematical {S}tatistics and {P}robability, 1950},
     PAGES = {481--492},
 PUBLISHER = {University of California Press, Berkeley and Los Angeles},
      YEAR = {1951},
   MRCLASS = {90.0X},
  MRNUMBER = {0047303},
MRREVIEWER = {D. Gale},
}


@article {MR1823981,
    AUTHOR = {Ejdys, Piotr and G{\'o}ra, Grzegorz},
     TITLE = {The more we learn the less we know? {O}n inductive learning
              from examples},
   JOURNAL = {Fund. Inform.},
  FJOURNAL = {Fundamenta Informaticae},
    VOLUME = {39},
      YEAR = {1999},
    NUMBER = {4},
     PAGES = {359--374},
      ISSN = {0169-2968},
     CODEN = {FUINE},
   MRCLASS = {68T05},
  MRNUMBER = {1823981},
MRREVIEWER = {Jerzy W. Grzyma{\l}a-Busse},
}

@article {MR3253815,
    AUTHOR = {Gudder, S.},
     TITLE = {A dynamics for discrete quantum gravity},
   JOURNAL = {Internat. J. Theoret. Phys.},
  FJOURNAL = {International Journal of Theoretical Physics},
    VOLUME = {53},
      YEAR = {2014},
    NUMBER = {10},
     PAGES = {3575--3586},
      ISSN = {0020-7748},
   MRCLASS = {83C45 (81T20)},
  MRNUMBER = {3253815},
       DOI = {10.1007/s10773-013-1940-5}
}


@incollection {MR2963147,
    AUTHOR = {Martin, Keye and Panangaden, Prakash},
     TITLE = {Spacetime geometry from causal structure and a measurement},
 BOOKTITLE = {Mathematical foundations of information flow},
    SERIES = {Proc. Sympos. Appl. Math.},
    VOLUME = {71},
     PAGES = {213--232},
 PUBLISHER = {Amer. Math. Soc., Providence, RI},
      YEAR = {2012},
   MRCLASS = {83C75 (06B30)},
  MRNUMBER = {2963147},
       DOI = {10.1090/psapm/071/606}
}



@article {MR2149825,
    AUTHOR = {Ash, Avner and McDonald, Patrick},
     TITLE = {Random partial orders, posts, and the causal set approach to
              discrete quantum gravity},
   JOURNAL = {J. Math. Phys.},
  FJOURNAL = {Journal of Mathematical Physics},
    VOLUME = {46},
      YEAR = {2005},
    NUMBER = {6},
     PAGES = {062502, 13},
      ISSN = {0022-2488},
     CODEN = {JMAPAQ},
   MRCLASS = {83C27 (60D05 60J10 60J20 83C45)},
  MRNUMBER = {2149825},
MRREVIEWER = {Roman R. Zapatrin},
       DOI = {10.1063/1.1922070}
}

@incollection {MR2223124,
    AUTHOR = {Dowker, Fay},
     TITLE = {Causal sets and the deep structure of spacetime},
 BOOKTITLE = {100 years of relativity},
     PAGES = {445--464},
 PUBLISHER = {World Sci. Publ., Hackensack, NJ},
      YEAR = {2005},
   MRCLASS = {83C45},
  MRNUMBER = {2223124},
       DOI = {10.1142/9789812700988_0016}
}

@article {MR3270741,
    AUTHOR = {Saravani, Mehdi and Aslanbeigi, Siavash},
     TITLE = {On the causal set-continuum correspondence},
   JOURNAL = {Classical Quantum Gravity},
  FJOURNAL = {Classical and Quantum Gravity},
    VOLUME = {31},
      YEAR = {2014},
    NUMBER = {20},
     PAGES = {205013, 14},
      ISSN = {0264-9381},
   MRCLASS = {83C99},
  MRNUMBER = {3270741},
       DOI = {10.1088/0264-9381/31/20/205013}
}

@article {MR2512702,
    AUTHOR = {Sverdlov, Roman and Bombelli, Luca},
     TITLE = {Gravity and matter in causal set theory},
   JOURNAL = {Classical Quantum Gravity},
  FJOURNAL = {Classical and Quantum Gravity},
    VOLUME = {26},
      YEAR = {2009},
    NUMBER = {7},
     PAGES = {075011, 15},
      ISSN = {0264-9381},
     CODEN = {CQGRDG},
   MRCLASS = {83C27 (53C80 83C47)},
  MRNUMBER = {2512702},
MRREVIEWER = {Roman R. Zapatrin},
       DOI = {10.1088/0264-9381/26/7/075011}
}
		
@article {MR2314491,
    AUTHOR = {Major, Seth and Rideout, David and Surya, Sumati},
     TITLE = {On recovering continuum topology from a causal set},
   JOURNAL = {J. Math. Phys.},
  FJOURNAL = {Journal of Mathematical Physics},
    VOLUME = {48},
      YEAR = {2007},
    NUMBER = {3},
     PAGES = {032501, 21},
      ISSN = {0022-2488},
     CODEN = {JMAPAQ},
   MRCLASS = {83C27 (81S10 81V17)},
  MRNUMBER = {2314491},
MRREVIEWER = {Roman R. Zapatrin},
       DOI = {10.1063/1.2435599}
}
		
@article {MR1963095,
    AUTHOR = {Ash, Avner and McDonald, Patrick},
     TITLE = {Moment problems and the causal set approach to quantum
              gravity},
   JOURNAL = {J. Math. Phys.},
  FJOURNAL = {Journal of Mathematical Physics},
    VOLUME = {44},
      YEAR = {2003},
    NUMBER = {4},
     PAGES = {1666--1678},
      ISSN = {0022-2488},
     CODEN = {JMAPAQ},
   MRCLASS = {83C45 (44A60 81V17)},
  MRNUMBER = {1963095},
MRREVIEWER = {Roman R. Zapatrin},
       DOI = {10.1063/1.1519668}
}

@article {MR1788813,
    AUTHOR = {Sorkin, Rafael D.},
     TITLE = {Indications of causal set cosmology},
   JOURNAL = {Internat. J. Theoret. Phys.},
  FJOURNAL = {International Journal of Theoretical Physics},
    VOLUME = {39},
      YEAR = {2000},
    NUMBER = {7},
     PAGES = {1731--1736},
      ISSN = {0020-7748},
     CODEN = {IJTPBM},
   MRCLASS = {83F05 (82B28 82B31)},
  MRNUMBER = {1788813},
MRREVIEWER = {Markku Lehto},
       DOI = {10.1023/A:1003629312096}
}








@article{gagliano2015breaking,
  title={Breaking the Silence?Language and the Making of Meaning in Plants},
  author={Gagliano, Monica and Grimonprez, Mavra},
  journal={Ecopsychology},
  volume={7},
  number={3},
  pages={145--152},
  year={2015},
  publisher={Mary Ann Liebert, Inc. 140 Huguenot Street, 3rd Floor New Rochelle, NY 10801 USA}
}

@phdthesis{Huang:2011,
 author = {Huang, Junzhou},
 advisor = {Metaxas, Dimitris N.},
 title = {Structured Sparsity: Theorems, Algorithms and Applications},
 year = {2011},
 isbn = {978-1-267-17451-2},
 note = {AAI3494928},
 school = {Rutgers University},
 publisher = {Rutgers University},
 address = {New Brunswick, NJ, USA},
} 

@incollection {MR1773318,
    AUTHOR = {Flach, Peter A.},
     TITLE = {Knowledge representation for inductive learning},
 BOOKTITLE = {Symbolic and quantitative approaches to reasoning and
              uncertainty ({L}ondon, 1999)},
    SERIES = {Lecture Notes in Comput. Sci.},
    VOLUME = {1638},
     PAGES = {160--167},
 PUBLISHER = {Springer, Berlin},
      YEAR = {1999},
   MRCLASS = {68T30 (68T05)},
  MRNUMBER = {1773318},
       DOI = {10.1007/3-540-48747-6_15}
}

@book {MR2239987,
    AUTHOR = {Cover, Thomas M. and Thomas, Joy A.},
     TITLE = {Elements of information theory},
   EDITION = {Second},
 PUBLISHER = {Wiley-Interscience [John Wiley \& Sons], Hoboken, NJ},
      YEAR = {2006},
     PAGES = {xxiv+748},
      ISBN = {978-0-471-24195-9; 0-471-24195-4},
   MRCLASS = {00-01 (94-01)},
  MRNUMBER = {2239987},
}


@article {MR1639094,
    AUTHOR = {Chen, Scott Shaobing and Donoho, David L. and Saunders,
              Michael A.},
     TITLE = {Atomic decomposition by basis pursuit},
   JOURNAL = {SIAM J. Sci. Comput.},
  FJOURNAL = {SIAM Journal on Scientific Computing},
    VOLUME = {20},
      YEAR = {1998},
    NUMBER = {1},
     PAGES = {33--61},
      ISSN = {1064-8275},
   MRCLASS = {94A12 (41A45 65K05)},
  MRNUMBER = {1639094},
       DOI = {10.1137/S1064827596304010}
}

@article {MR2815776,
    AUTHOR = {Tibshirani, Robert},
     TITLE = {Regression shrinkage and selection via the lasso: a
              retrospective},
   JOURNAL = {J. R. Stat. Soc. Ser. B Stat. Methodol.},
  FJOURNAL = {Journal of the Royal Statistical Society. Series B.
              Statistical Methodology},
    VOLUME = {73},
      YEAR = {2011},
    NUMBER = {3},
     PAGES = {273--282},
      ISSN = {1369-7412},
   MRCLASS = {62J07 (62J02)},
  MRNUMBER = {2815776},
MRREVIEWER = {B. M. Golam Kibria},
       DOI = {10.1111/j.1467-9868.2011.00771.x}
}
		
@article {MR1379242,
    AUTHOR = {Tibshirani, Robert},
     TITLE = {Regression shrinkage and selection via the lasso},
   JOURNAL = {J. Roy. Statist. Soc. Ser. B},
  FJOURNAL = {Journal of the Royal Statistical Society. Series B.
              Methodological},
    VOLUME = {58},
      YEAR = {1996},
    NUMBER = {1},
     PAGES = {267--288},
      ISSN = {0035-9246},
     CODEN = {JSTBAJ},
   MRCLASS = {62J05 (62J07)},
  MRNUMBER = {1379242}
}

@article {MR3385844,
    AUTHOR = {Shervashidze, Nino and Bach, Francis},
     TITLE = {Learning the structure for structured sparsity},
   JOURNAL = {IEEE Trans. Signal Process.},
  FJOURNAL = {IEEE Transactions on Signal Processing},
    VOLUME = {63},
      YEAR = {2015},
    NUMBER = {18},
     PAGES = {4894--4902},
      ISSN = {1053-587X},
   MRCLASS = {94A12},
  MRNUMBER = {3385844},
       DOI = {10.1109/TSP.2015.2446432}
}


@MISC{FerrerSeveri,
   author = {W. Ferrer and P.G. Severi},
   title = {Abstract reduction and topology},
   year =  {1993},
   note = {\url{https://pure.tue.nl/ws/files/2167885/9313023.pdf}},
   publisher = {Eindhoven : Technische Universiteit Eindhoven, 1993},
 }
 

@article {MR2639877,
    AUTHOR = {Liu, Guilong},
     TITLE = {Closures and topological closures in quasi-discrete closure
              spaces},
   JOURNAL = {Appl. Math. Lett.},
  FJOURNAL = {Applied Mathematics Letters. An International Journal of Rapid
              Publication},
    VOLUME = {23},
      YEAR = {2010},
    NUMBER = {7},
     PAGES = {772--776},
      ISSN = {0893-9659},
     CODEN = {AMLEEL},
   MRCLASS = {54A05},
  MRNUMBER = {2639877},
MRREVIEWER = {Thomas A. Richmond},
       DOI = {10.1016/j.aml.2010.03.007}
}

@incollection {MR3206357,
    AUTHOR = {Faug{\`e}re, Jean-Charles and Safey El Din, Mohab and Verron,
              Thibaut},
     TITLE = {On the complexity of computing {G}r\"obner bases for
              quasi-homogeneous systems},
 BOOKTITLE = {I{SSAC} 2013---{P}roceedings of the 38th {I}nternational
              {S}ymposium on {S}ymbolic and {A}lgebraic {C}omputation},
     PAGES = {189--196},
 PUBLISHER = {ACM, New York},
      YEAR = {2013},
   MRCLASS = {68W30 (13P10 68Q25)},
  MRNUMBER = {3206357},
       DOI = {10.1145/2465506.2465943}
}
		
@article {MR3027984,
    AUTHOR = {Liang, Ye},
     TITLE = {Structures of precision losses in computing approximate
              {G}r\"obner bases},
   JOURNAL = {J. Symbolic Comput.},
  FJOURNAL = {Journal of Symbolic Computation},
    VOLUME = {53},
      YEAR = {2013},
     PAGES = {81--95},
      ISSN = {0747-7171},
   MRCLASS = {68W30 (13P10)},
  MRNUMBER = {3027984},
       DOI = {10.1016/j.jsc.2012.12.001}
}
		
@article {MR2997851,
    AUTHOR = {Bardet, Magali and Faug{\'e}re, Jean-Charles and Salvy, Bruno
              and Spaenlehauer, Pierre-Jean},
     TITLE = {On the complexity of solving quadratic {B}oolean systems},
   JOURNAL = {J. Complexity},
  FJOURNAL = {Journal of Complexity},
    VOLUME = {29},
      YEAR = {2013},
    NUMBER = {1},
     PAGES = {53--75},
      ISSN = {0885-064X},
   MRCLASS = {13P15 (11Y16 68W30 94A60 94C10)},
  MRNUMBER = {2997851},
MRREVIEWER = {Adrian C. Atanasiu},
       DOI = {10.1016/j.jco.2012.07.001}
}
		
@incollection {MR2980597,
    AUTHOR = {Thomae, Enrico and Wolf, Christopher},
     TITLE = {Solving underdetermined systems of multivariate quadratic
              equations revisited},
 BOOKTITLE = {Public key cryptography---{PKC} 2012},
    SERIES = {Lecture Notes in Comput. Sci.},
    VOLUME = {7293},
     PAGES = {156--171},
 PUBLISHER = {Springer, Heidelberg},
      YEAR = {2012},
   MRCLASS = {11T71 (68P25 94A60)},
  MRNUMBER = {2980597},
       DOI = {10.1007/978-3-642-30057-8_10}
}
		
@article {MR2974234,
    AUTHOR = {Ananth, Prabhanjan V. and Dukkipati, Ambedkar},
     TITLE = {Complexity of {G}r\"obner basis detection and border basis
              detection},
   JOURNAL = {Theoret. Comput. Sci.},
  FJOURNAL = {Theoretical Computer Science},
    VOLUME = {459},
      YEAR = {2012},
     PAGES = {1--15},
      ISSN = {0304-3975},
     CODEN = {TCSDI},
   MRCLASS = {68Q17 (13P10 68W30)},
  MRNUMBER = {2974234},
       DOI = {10.1016/j.tcs.2012.08.002}
}
		
@article {MR2906559,
    AUTHOR = {Crompton, P. R.},
     TITLE = {Gr\"obner bases for finite-temperature quantum computing and
              their complexity},
   JOURNAL = {J. Math. Phys.},
  FJOURNAL = {Journal of Mathematical Physics},
    VOLUME = {52},
      YEAR = {2011},
    NUMBER = {11},
     PAGES = {112203, 8},
      ISSN = {0022-2488},
     CODEN = {JMAPAQ},
   MRCLASS = {81P68 (13P10)},
  MRNUMBER = {2906559},
       DOI = {10.1063/1.3660379}
}
		
@article {MR2517992,
    AUTHOR = {Hemmecke, Raymond and Nairn, Kristen A.},
     TITLE = {On the {G}r\"obner complexity of matrices},
   JOURNAL = {J. Pure Appl. Algebra},
  FJOURNAL = {Journal of Pure and Applied Algebra},
    VOLUME = {213},
      YEAR = {2009},
    NUMBER = {8},
     PAGES = {1558--1563},
      ISSN = {0022-4049},
     CODEN = {JPAAA2},
   MRCLASS = {13P10 (90C10)},
  MRNUMBER = {2517992},
MRREVIEWER = {Uli Walther},
       DOI = {10.1016/j.jpaa.2008.11.044}
}
		
@article {MR2398900,
    AUTHOR = {Lu, PeiZhong and Zou, Yan},
     TITLE = {Fast computation of {G}r\"obner basis of homogenous ideals of
              {$\Bbb{F}[x,y]$}},
   JOURNAL = {Sci. China Ser. F},
  FJOURNAL = {Science in China. Series F. Information Sciences},
    VOLUME = {51},
      YEAR = {2008},
    NUMBER = {4},
     PAGES = {368--380},
      ISSN = {1009-2757},
   MRCLASS = {13P10 (11T71 68W30 68W40 94B35)},
  MRNUMBER = {2398900},
MRREVIEWER = {Ana Maria Salagean},
       DOI = {10.1007/s11432-008-0032-2}
}


@article {MR3461262,
    AUTHOR = {Faug{\`e}re, Jean-Charles and Safey El Din, Mohab and Verron,
              Thibaut},
     TITLE = {On the complexity of computing {G}r\"obner bases for weighted
              homogeneous systems},
   JOURNAL = {J. Symbolic Comput.},
  FJOURNAL = {Journal of Symbolic Computation},
    VOLUME = {76},
      YEAR = {2016},
     PAGES = {107--141},
      ISSN = {0747-7171},
   MRCLASS = {Preliminary Data},
  MRNUMBER = {3461262},
       DOI = {10.1016/j.jsc.2015.12.001}
}
		
@article {MR3320794,
    AUTHOR = {Bardet, Magali and Faug{\`e}re, Jean-Charles and Salvy, Bruno},
     TITLE = {On the complexity of the {$F_5$} {G}r\"obner basis
              algorithm},
   JOURNAL = {J. Symbolic Comput.},
  FJOURNAL = {Journal of Symbolic Computation},
    VOLUME = {70},
      YEAR = {2015},
     PAGES = {49--70},
      ISSN = {0747-7171},
   MRCLASS = {68W30 (13P10 68W40)},
  MRNUMBER = {3320794},
MRREVIEWER = {Amir Hashemi},
       DOI = {10.1016/j.jsc.2014.09.025}
}
		
@incollection {MR3239924,
    AUTHOR = {Faug{\`e}re, Jean-Charles and Spaenlehauer, Pierre-Jean and
              Svartz, Jules},
     TITLE = {Sparse {G}r\"obner bases: the unmixed case},
 BOOKTITLE = {I{SSAC} 2014---{P}roceedings of the 39th {I}nternational
              {S}ymposium on {S}ymbolic and {A}lgebraic {C}omputation},
     PAGES = {178--185},
 PUBLISHER = {ACM, New York},
      YEAR = {2014},
   MRCLASS = {68W30 (13P10 68Q25)},
  MRNUMBER = {3239924},
       DOI = {10.1145/2608628.2608663}
}
		
@article {MR3248045,
    AUTHOR = {Spaenlehauer, Pierre-Jean},
     TITLE = {On the complexity of computing critical points with
              {G}r\"obner bases},
   JOURNAL = {SIAM J. Optim.},
  FJOURNAL = {SIAM Journal on Optimization},
    VOLUME = {24},
      YEAR = {2014},
    NUMBER = {3},
     PAGES = {1382--1401},
      ISSN = {1052-6234},
   MRCLASS = {90C26 (13P10 13P15 65D99)},
  MRNUMBER = {3248045},
MRREVIEWER = {Didier Henrion},
       DOI = {10.1137/130936294}
}

@inproceedings {MR2035234,
    AUTHOR = {Faug{\`e}re, Jean-Charles},
     TITLE = {A new efficient algorithm for computing {G}r\"obner bases
              without reduction to zero {$(F_5)$}},
 BOOKTITLE = {Proceedings of the 2002 {I}nternational {S}ymposium on
              {S}ymbolic and {A}lgebraic {C}omputation},
     PAGES = {75--83 (electronic)},
 PUBLISHER = {ACM, New York},
      YEAR = {2002},
   MRCLASS = {13P10 (68W30)},
  MRNUMBER = {2035234},
MRREVIEWER = {Thomas Bayer},
       DOI = {10.1145/780506.780516}
}

@article {MR2578974,
    AUTHOR = {Ayad, Ali},
     TITLE = {A survey on the complexity of solving algebraic systems},
   JOURNAL = {Int. Math. Forum},
  FJOURNAL = {International Mathematical Forum. Journal for Theory and
              Applications},
    VOLUME = {5},
      YEAR = {2010},
    NUMBER = {5-8},
     PAGES = {333--353},
      ISSN = {1312-7594},
   MRCLASS = {13P15 (14Q20 68W30)},
  MRNUMBER = {2578974},
MRREVIEWER = {Jean Moulin Ollagnier},
}

@incollection {MR1772028,
    AUTHOR = {Courtois, Nicolas and Klimov, Alexander and Patarin, Jacques
              and Shamir, Adi},
     TITLE = {Efficient algorithms for solving overdefined systems of
              multivariate polynomial equations},
 BOOKTITLE = {Advances in cryptology---{EUROCRYPT} 2000 ({B}ruges)},
    SERIES = {Lecture Notes in Comput. Sci.},
    VOLUME = {1807},
     PAGES = {392--407},
 PUBLISHER = {Springer, Berlin},
      YEAR = {2000},
   MRCLASS = {94A60 (68Q25)},
  MRNUMBER = {1772028},
       DOI = {10.1007/3-540-45539-6_27}
}



@article {MR1510215,
    AUTHOR = {Cantor, Georg},
     TITLE = {Ueber unendliche, lineare {P}unktmannichfaltigkeiten},
   JOURNAL = {Math. Ann.},
  FJOURNAL = {Mathematische Annalen},
    VOLUME = {21},
      YEAR = {1883},
    NUMBER = {4},
     PAGES = {545--591},
      ISSN = {0025-5831},
     CODEN = {MAANA},
   MRCLASS = {Contributed Item},
  MRNUMBER = {1510215},
       DOI = {10.1007/BF01446819},
}

@article{szpilrajn1930extension,
  title={Sur l'extension de l'ordre partiel},
  author={Szpilrajn, Edward},
  journal={Fundamenta mathematicae},
  volume={16},
  number={1},
  pages={386--389},
  year={1930},
  publisher={Institute of Mathematics Polish Academy of Sciences}
}

@book{rubin1985equivalents,
  title={Equivalents of the Axiom of Choice, II},
  author={Rubin, Herman and Rubin, Jean E},
  year={1985},
  publisher={Elsevier}
}

@incollection{adamson1998equivalents,
  title={Equivalents of the Axiom of Choice},
  author={Adamson, Iain T},
  booktitle={A Set Theory Workbook},
  pages={59--62},
  year={1998},
  publisher={Springer}
}

@book{moore2012zermelo,
  title={Zermelo's axiom of choice: Its origins, development, and influence},
  author={Moore, Gregory H},
  year={2012},
  publisher={Courier Corporation}
}

@book{jech2008axiom,
  title={The axiom of choice},
  author={Jech, Thomas J},
  year={2008},
  publisher={Courier Corporation}
}

@incollection {MR0255472,
    AUTHOR = {Knuth, Donald E. and Bendix, Peter B.},
     TITLE = {Simple word problems in universal algebras},
 BOOKTITLE = {Computational {P}roblems in {A}bstract {A}lgebra ({P}roc.
              {C}onf., {O}xford, 1967) },
     PAGES = {263--297},
 PUBLISHER = {Pergamon, Oxford},
      YEAR = {1970},
   MRCLASS = {08.30 (02.00)},
  MRNUMBER = {0255472},
MRREVIEWER = {B. H. Neumann},
}

@incollection {MR1699812,
    AUTHOR = {Buchberger, Bruno},
     TITLE = {Introduction to {G}r\"obner bases},
 BOOKTITLE = {Gr\"obner bases and applications ({L}inz, 1998)},
    SERIES = {London Math. Soc. Lecture Note Ser.},
    VOLUME = {251},
     PAGES = {3--31},
 PUBLISHER = {Cambridge Univ. Press, Cambridge},
      YEAR = {1998},
   MRCLASS = {13P10 (68W30)},
  MRNUMBER = {1699812},
MRREVIEWER = {Jan Snellman},
}
		
@book {MR1483316,
    AUTHOR = {Fr{\"o}berg, Ralf},
     TITLE = {An introduction to {G}r\"obner bases},
    SERIES = {Pure and Applied Mathematics (New York)},
 PUBLISHER = {John Wiley \& Sons, Ltd., Chichester},
      YEAR = {1997},
     PAGES = {x+177},
      ISBN = {0-471-97442-0},
   MRCLASS = {13P10 (13C40)},
  MRNUMBER = {1483316},
MRREVIEWER = {Daniel Mall},
}
		
@book {MR1287608,
    AUTHOR = {Adams, William W. and Loustaunau, Philippe},
     TITLE = {An introduction to {G}r\"obner bases},
    SERIES = {Graduate Studies in Mathematics},
    VOLUME = {3},
 PUBLISHER = {American Mathematical Society, Providence, RI},
      YEAR = {1994},
     PAGES = {xiv+289},
      ISBN = {0-8218-3804-0},
   MRCLASS = {13P10 (13-01 68Q40)},
  MRNUMBER = {1287608},
MRREVIEWER = {Joachim Apel},
       DOI = {10.1090/gsm/003},
}
	

@article {MR2013568,
    AUTHOR = {Galton, Antony},
     TITLE = {A generalized topological view of motion in discrete space},
      NOTE = {Topology in computer science (Schlo{\ss} Dagstuhl, 2000)},
   JOURNAL = {Theoret. Comput. Sci.},
  FJOURNAL = {Theoretical Computer Science},
    VOLUME = {305},
      YEAR = {2003},
    NUMBER = {1-3},
     PAGES = {111--134},
      ISSN = {0304-3975},
     CODEN = {TCSDI},
   MRCLASS = {68T30 (54A99 68U10)},
  MRNUMBER = {2013568},
       DOI = {10.1016/S0304-3975(02)00701-6}
}

@article{vapnik1999overview,
  title={An overview of statistical learning theory},
  author={Vapnik, Vladimir N},
  journal={Neural Networks, IEEE Transactions on},
  volume={10},
  number={5},
  pages={988--999},
  year={1999},
  publisher={IEEE}
}

@book{van1977frege,
  title={From Frege to G{\"o}del: a source book in mathematical logic, 1879-1931},
  author={Van Heijenoort, Jean},
  volume={9},
  year={1977},
  publisher={Harvard University Press}
}

@article {MR764325,
    AUTHOR = {Blyth, T. S.},
     TITLE = {Residuated mappings},
   JOURNAL = {Order},
  FJOURNAL = {Order},
    VOLUME = {1},
      YEAR = {1984},
    NUMBER = {2},
     PAGES = {187--204},
      ISSN = {0167-8094},
     CODEN = {ORDRE5},
   MRCLASS = {06A10 (06B05 06F05)},
  MRNUMBER = {764325 (86c:06005)},
MRREVIEWER = {Boris M. Schein},
       DOI = {10.1007/BF00565653},
       URL = {http://dx.doi.org/10.1007/BF00565653},
}

@article{zach2006hilbert,
  title={Hilbert’s program then and now},
  author={Zach, Richard},
  journal={Philosophy of Logic. Handbook of the Philosophy of Science},
  volume={5},
  pages={411--447},
  year={2006}
}

	
@article{mazur2008one,
  title={When is One Thing Equal to Some Other Thing?},
  author={Mazur, Barry},
  journal={Proof and Other Dilemmas: Mathematics and Philosophy},
  pages={221},
  year={2008},
  publisher={MAA}
}

@article {MR0049867,
    AUTHOR = {Higman, Graham},
     TITLE = {Ordering by divisibility in abstract algebras},
   JOURNAL = {Proc. London Math. Soc. (3)},
  FJOURNAL = {Proceedings of the London Mathematical Society. Third Series},
    VOLUME = {2},
      YEAR = {1952},
     PAGES = {326--336},
      ISSN = {0024-6115},
   MRCLASS = {09.1X},
  MRNUMBER = {0049867 (14,238e)},
MRREVIEWER = {D. Zelinsky},
}


@article {MR2317582,
    AUTHOR = {Aiguier, Marc and Bahrami, Diane},
     TITLE = {Structures for abstract rewriting},
   JOURNAL = {J. Automat. Reason.},
  FJOURNAL = {Journal of Automated Reasoning},
    VOLUME = {38},
      YEAR = {2007},
    NUMBER = {4},
     PAGES = {303--351},
      ISSN = {0168-7433},
     CODEN = {JAREEW},
   MRCLASS = {68Q42},
  MRNUMBER = {2317582 (2008a:68103)},
       DOI = {10.1007/s10817-006-9065-7},
}
	
@article {MR893184,
    AUTHOR = {Buchberger, Bruno},
     TITLE = {History and basic features of the critical-pair/completion procedure},
      NOTE = {Rewriting techniques and applications (Dijon, 1985)},
   JOURNAL = {J. Symbolic Comput.},
  FJOURNAL = {Journal of Symbolic Computation},
    VOLUME = {3},
      YEAR = {1987},
    NUMBER = {1-2},
     PAGES = {3--38},
      ISSN = {0747-7171},
   MRCLASS = {68Q40 (03B35 68Q50 68T20)},
  MRNUMBER = {893184 (88m:68026)},
MRREVIEWER = {Klaus Madlener},
       DOI = {10.1016/S0747-7171(87)80020-2},
}

@article{zermelo1904beweis,
  title={Beweis, da{\ss} jede Menge wohlgeordnet werden kann},
  author={Zermelo, Ernst},
  journal={Mathematische Annalen},
  volume={59},
  number={4},
  pages={514--516},
  year={1904},
  publisher={Springer}
}

@book {MR0453532,
    AUTHOR = {Halmos, Paul R.},
     TITLE = {Naive set theory},
      NOTE = {Reprint of the 1960 edition,
              Undergraduate Texts in Mathematics},
 PUBLISHER = {Springer-Verlag, New York-Heidelberg},
      YEAR = {1974},
     PAGES = {vii+104},
   MRCLASS = {04-01},
  MRNUMBER = {0453532},
}

@book{tourlakis2003lectures,
  title={Lectures in Logic and Set Theory: Volume 2, Set Theory},
  author={Tourlakis, George},
  volume={83},
  year={2003},
  publisher={Cambridge University Press}
}

@misc{suppes1972axiomatic,
  title={Axiomatic Set Theory, 1960},
  author={Suppes, Patrick},
  year={1972},
  publisher={Dover edn., New York}
}

@article {MR1293639,
    AUTHOR = {Nisan, Noam and Wigderson, Avi},
     TITLE = {Hardness vs.\ randomness},
   JOURNAL = {J. Comput. System Sci.},
  FJOURNAL = {Journal of Computer and System Sciences},
    VOLUME = {49},
      YEAR = {1994},
    NUMBER = {2},
     PAGES = {149--167},
      ISSN = {0022-0000},
     CODEN = {JCSSBM},
   MRCLASS = {68Q15 (65C10)},
  MRNUMBER = {1293639 (95k:68058)},
MRREVIEWER = {Wen Qi Huang},
       DOI = {10.1016/S0022-0000(05)80043-1},
}
		
@article {MR1125927,
    AUTHOR = {Goldreich, Oded and Micali, Silvio and Wigderson, Avi},
     TITLE = {Proofs that yield nothing but their validity, or {A}ll
              languages in {NP} have zero-knowledge proof systems},
   JOURNAL = {J. Assoc. Comput. Mach.},
  FJOURNAL = {Journal of the Association for Computing Machinery},
    VOLUME = {38},
      YEAR = {1991},
    NUMBER = {3},
     PAGES = {691--729},
      ISSN = {0004-5411},
     CODEN = {JACOAH},
   MRCLASS = {68Q15 (68P25 94A60)},
  MRNUMBER = {1125927 (93b:68025)},
MRREVIEWER = {Joan Boyar},
       DOI = {10.1145/116825.116852},
}

@incollection {MR2866874,
    AUTHOR = {Wigderson, Avi},
     TITLE = {The {G}\"odel phenomenon in mathematics: a modern view},
 BOOKTITLE = {Kurt {G}\"odel and the foundations of mathematics},
     PAGES = {475--508},
 PUBLISHER = {Cambridge Univ. Press},
   ADDRESS = {Cambridge},
      YEAR = {2011},
   MRCLASS = {03F40 (03B25 03D15 03F20 03F30 68Q15)},
  MRNUMBER = {2866874},
MRREVIEWER = {Olaf Beyersdorff},
}
		
@incollection {MR2334207,
    AUTHOR = {Wigderson, Avi},
     TITLE = {P, {NP} and mathematics---a computational complexity
              perspective},
 BOOKTITLE = {International {C}ongress of {M}athematicians. {V}ol. {I}},
     PAGES = {665--712},
 PUBLISHER = {Eur. Math. Soc., Z\"urich},
      YEAR = {2007},
   MRCLASS = {68Q15 (68Q10 68Q17)},
  MRNUMBER = {2334207 (2008h:68043)},
MRREVIEWER = {Lane A. Hemaspaandra},
       DOI = {10.4171/022-1/25},
}
		
@incollection {MR2089727,
    AUTHOR = {Wigderson, Avi},
     TITLE = {Average case complexity},
 BOOKTITLE = {Computational complexity theory},
    SERIES = {IAS/Park City Math. Ser.},
    VOLUME = {10},
     PAGES = {89--99},
 PUBLISHER = {Amer. Math. Soc.},
   ADDRESS = {Providence, RI},
      YEAR = {2004},
   MRCLASS = {68Q15 (68P25 94A60)},
  MRNUMBER = {2089727},
}
		
@incollection {MR2080793,
    AUTHOR = {Barak, Boaz and Shaltiel, Ronen and Wigderson, Avi},
     TITLE = {Computational analogues of entropy},
 BOOKTITLE = {Approximation, randomization, and combinatorial optimization},
    SERIES = {Lecture Notes in Comput. Sci.},
    VOLUME = {2764},
     PAGES = {200--215},
 PUBLISHER = {Springer},
   ADDRESS = {Berlin},
      YEAR = {2003},
   MRCLASS = {68P30 (68Q15 94A17)},
  MRNUMBER = {2080793 (2005c:68042)},
       DOI = {10.1007/978-3-540-45198-3_18},
}
		
@incollection {MR1731563,
    AUTHOR = {Buhrman, Harry and Cleve, Richard and Wigderson, Avi},
     TITLE = {Quantum vs. classical communication and computation},
 BOOKTITLE = {S{TOC} '98 ({D}allas, {TX})},
     PAGES = {63--68},
 PUBLISHER = {ACM},
   ADDRESS = {New York},
      YEAR = {1999},
   MRCLASS = {68Q05 (81P68)},
  MRNUMBER = {1731563},
}

@incollection {MR2582924,
    AUTHOR = {Aaronson, Scott and Wigderson, Avi},
     TITLE = {Algebrization: a new barrier in complexity theory},
 BOOKTITLE = {S{TOC}'08},
     PAGES = {731--740},
 PUBLISHER = {ACM},
   ADDRESS = {New York},
      YEAR = {2008},
   MRCLASS = {68Q15},
  MRNUMBER = {2582924 (2011c:68043)},
       DOI = {10.1145/1374376.1374481},
}

@article {MR2132775,
    AUTHOR = {Aaronson, Scott},
     TITLE = {Is {P} versus {NP} formally independent?},
   JOURNAL = {Bull. Eur. Assoc. Theor. Comput. Sci. EATCS},
  FJOURNAL = {Bulletin of the European Association for Theoretical Computer
              Science. EATCS},
    NUMBER = {81},
      YEAR = {2003},
     PAGES = {109--136},
      ISSN = {0252-9742},
   MRCLASS = {68Q15 (03A05 03E35)},
  MRNUMBER = {2132775},
}

@book {MR1808172,
    AUTHOR = {Fra{\"{\i}}ss{\'e}, Roland},
     TITLE = {Theory of relations},
    SERIES = {Studies in Logic and the Foundations of Mathematics},
    VOLUME = {145},
   EDITION = {Revised},
      NOTE = {With an appendix by Norbert Sauer},
 PUBLISHER = {North-Holland Publishing Co.},
   ADDRESS = {Amsterdam},
      YEAR = {2000},
     PAGES = {ii+451},
      ISBN = {0-444-50542-3},
   MRCLASS = {03E20 (03-02 03C15 03E05 05-02 06A06 08A02)},
  MRNUMBER = {1808172 (2002d:03084)},
MRREVIEWER = {P{\'e}ter Komj{\'a}th},
}

@article {MR1231203,
    AUTHOR = {Stifter, Sabine},
     TITLE = {Gr\"obner bases of modules over reduction rings},
   JOURNAL = {J. Algebra},
  FJOURNAL = {Journal of Algebra},
    VOLUME = {159},
      YEAR = {1993},
    NUMBER = {1},
     PAGES = {54--63},
      ISSN = {0021-8693},
     CODEN = {JALGA4},
   MRCLASS = {13P10},
  MRNUMBER = {1231203 (94c:13028)},
MRREVIEWER = {W. W. Adams},
}

@book {MR2090759,
     TITLE = {David {H}ilbert's lectures on the foundations of geometry,
              1891--1902},
    SERIES = {David Hilbert's Foundational Lectures},
    VOLUME = {1},
    EDITOR = {Hallett, Michael and Majer, Ulrich},
 PUBLISHER = {Springer-Verlag},
   ADDRESS = {Berlin},
      YEAR = {2004},
     PAGES = {xxviii+661},
      ISBN = {3-540-64373-7},
   MRCLASS = {01A75 (00-02 00B10 01A60 03-03 03B30 51-02)},
  MRNUMBER = {2090759 (2005i:01009)},
MRREVIEWER = {Volker Peckhaus},
}

@article {MR1952744,
    AUTHOR = {Thiele, R{\"u}diger},
     TITLE = {Hilbert's twenty-fourth problem},
   JOURNAL = {Amer. Math. Monthly},
  FJOURNAL = {American Mathematical Monthly},
    VOLUME = {110},
      YEAR = {2003},
    NUMBER = {1},
     PAGES = {1--24},
      ISSN = {0002-9890},
     CODEN = {AMMYAE},
   MRCLASS = {03-03 (01A60 03F07)},
  MRNUMBER = {1952744 (2003m:03003)},
MRREVIEWER = {Branislav Bori{\v{c}}i{\'c}},
}


@article {MR0004862,
    AUTHOR = {Dushnik, Ben and Miller, E. W.},
     TITLE = {Partially ordered sets},
   JOURNAL = {Amer. J. Math.},
  FJOURNAL = {American Journal of Mathematics},
    VOLUME = {63},
      YEAR = {1941},
     PAGES = {600--610},
      ISSN = {0002-9327},
   MRCLASS = {27.2X},
  MRNUMBER = {0004862 (3,73a)},
MRREVIEWER = {G. Birkhoff},
}

@article {MR0136562,
    AUTHOR = {Wolk, E. S.},
     TITLE = {On order-convergence},
   JOURNAL = {Proc. Amer. Math. Soc.},
  FJOURNAL = {Proceedings of the American Mathematical Society},
    VOLUME = {12},
      YEAR = {1961},
     PAGES = {379--384},
      ISSN = {0002-9939},
   MRCLASS = {06.20},
  MRNUMBER = {0136562 (25 \#32)},
MRREVIEWER = {M. Kolibiar},
}

@article {MR0061575,
    AUTHOR = {Frink, Orrin},
     TITLE = {Ideals in partially ordered sets},
   JOURNAL = {Amer. Math. Monthly},
  FJOURNAL = {The American Mathematical Monthly},
    VOLUME = {61},
      YEAR = {1954},
     PAGES = {223--234},
      ISSN = {0002-9890},
   MRCLASS = {09.1X},
  MRNUMBER = {0061575 (15,848a)},
MRREVIEWER = {M. Novotn{\'y}},
}

@article {MR0210625,
    AUTHOR = {Derd{\'e}rian, Jean-Claude},
     TITLE = {Residuated mappings},
   JOURNAL = {Pacific J. Math.},
  FJOURNAL = {Pacific Journal of Mathematics},
    VOLUME = {20},
      YEAR = {1967},
     PAGES = {35--43},
      ISSN = {0030-8730},
   MRCLASS = {06.20},
  MRNUMBER = {0210625 (35 \#1511)},
MRREVIEWER = {D. J. Foulis},
}


@article {MR1908009,
    AUTHOR = {Gillman, Leonard},
     TITLE = {Two classical surprises concerning the axiom of choice and the
              continuum hypothesis},
   JOURNAL = {Amer. Math. Monthly},
  FJOURNAL = {The American Mathematical Monthly},
    VOLUME = {109},
      YEAR = {2002},
    NUMBER = {6},
     PAGES = {544--553},
      ISSN = {0002-9890},
     CODEN = {AMMYAE},
   MRCLASS = {03E25 (03E50)},
  MRNUMBER = {1908009 (2003d:03081)},
MRREVIEWER = {Paul E. Howard},
}

@article {MR0020121,
    AUTHOR = {Sierpi{\'n}ski, Wac{\l}aw},
     TITLE = {L'hypoth\`ese g\'en\'eralis\'ee du continu et l'axiome du
              choix},
   JOURNAL = {Fund. Math.},
  FJOURNAL = {Polska Akademia Nauk. Fundamenta Mathematicae},
    VOLUME = {34},
      YEAR = {1947},
     PAGES = {1--5},
      ISSN = {0016-2736},
   MRCLASS = {27.2X},
  MRNUMBER = {0020121 (8,506a)},
MRREVIEWER = {J. Todd},
}


@techreport{RISC2751,
author={B. Buchberger},
title={{A Critical-Pair/Completion Algorithm in Reduction Rings}},
language={english},
number={83-21},
year={1983},
annote={1983-00-00-E},
length={62},
institution={RISC Report Series, University of Linz, Austria}
}

@book {MR3330490,
    AUTHOR = {Cox, David A. and Little, John and O'Shea, Donal},
     TITLE = {Ideals, varieties, and algorithms},
    SERIES = {Undergraduate Texts in Mathematics},
   EDITION = {Fourth},
      NOTE = {An introduction to computational algebraic geometry and commutative algebra},
 PUBLISHER = {Springer, Cham},
      YEAR = {2015},
     PAGES = {xvi+646},
      ISBN = {978-3-319-16720-6; 978-3-319-16721-3},
   MRCLASS = {13P10 (13-01 14-01 14Qxx 68W30)},
  MRNUMBER = {3330490},
}


@book{gowers2010princeton,
  title={The Princeton companion to mathematics},
  author={Gowers, Timothy and Barrow-Green, June and Leader, Imre},
  year={2010},
  publisher={Princeton University Press}
}

@book{grattan2002companion,
  title={Companion encyclopedia of the history and philosophy of the mathematical sciences},
  author={Grattan-Guinness, Ivor},
  year={2002},
  publisher={Routledge}
}

@article {MR2202562,
    AUTHOR = {Buchberger, Bruno},
     TITLE = {An algorithm for finding the basis elements of the residue
              class ring of a zero dimensional polynomial ideal},
      NOTE = {Translated from the 1965 German original by Michael P.
              Abramson},
   JOURNAL = {J. Symbolic Comput.},
  FJOURNAL = {Journal of Symbolic Computation},
    VOLUME = {41},
      YEAR = {2006},
    NUMBER = {3-4},
     PAGES = {475--511},
      ISSN = {0747-7171},
   MRCLASS = {68W30},
  MRNUMBER = {2202562},
MRREVIEWER = {Hale F. Trotter},
       DOI = {10.1016/j.jsc.2005.09.007}
}

@inproceedings{Buchberger745042,
 author = {Buchberger, Bruno},
 title = {A critical-pair/completion algorithm for finitely generated ideals in rings},
 booktitle = {Proceedings of the Symposium "Rekursive Kombinatorik" on Logic and Machines: Decision Problems and Complexity},
 year = {1984},
 isbn = {3-540-13331-3},
 pages = {137--161},
 numpages = {25},
 url = {http://dl.acm.org/citation.cfm?id=648043.745042},
 acmid = {745042},
 publisher = {Springer-Verlag},
 address = {London, UK, UK},
} 


@article {MR3390302,
    AUTHOR = {Chen, Chen and Li, Yeqing and Liu, Wei and Huang, Junzhou},
     TITLE = {S{IRF}: simultaneous satellite image registration and fusion
              in a unified framework},
   JOURNAL = {IEEE Trans. Image Process.},
  FJOURNAL = {IEEE Transactions on Image Processing},
    VOLUME = {24},
      YEAR = {2015},
    NUMBER = {11},
     PAGES = {4213--4224},
      ISSN = {1057-7149},
   MRCLASS = {94A08},
  MRNUMBER = {3390302},
       DOI = {10.1109/TIP.2015.2456415}
}
	
	
@article {MR3341758,
    AUTHOR = {Sahoo, Sujit Kumar and Makur, Anamitra},
     TITLE = {Signal recovery from random measurements via extended
              orthogonal matching pursuit},
   JOURNAL = {IEEE Trans. Signal Process.},
  FJOURNAL = {IEEE Transactions on Signal Processing},
    VOLUME = {63},
      YEAR = {2015},
    NUMBER = {10},
     PAGES = {2572--2581},
      ISSN = {1053-587X},
   MRCLASS = {94A12},
  MRNUMBER = {3341758},
       DOI = {10.1109/TSP.2015.2413384}
}

	
@article {MR3225145,
    AUTHOR = {Chen, Chen and Li, Yeqing and Huang, Junzhou},
     TITLE = {Forest sparsity for multi-channel compressive sensing},
   JOURNAL = {IEEE Trans. Signal Process.},
  FJOURNAL = {IEEE Transactions on Signal Processing},
    VOLUME = {62},
      YEAR = {2014},
    NUMBER = {11},
     PAGES = {2803--2813},
      ISSN = {1053-587X},
   MRCLASS = {94A12},
  MRNUMBER = {3225145},
       DOI = {10.1109/TSP.2014.2318138}
}
		
@article {MR2877603,
    AUTHOR = {Huang, Junzhou and Zhang, Tong and Metaxas, Dimitris},
     TITLE = {Learning with structured sparsity},
   JOURNAL = {J. Mach. Learn. Res.},
  FJOURNAL = {Journal of Machine Learning Research (JMLR)},
    VOLUME = {12},
      YEAR = {2011},
     PAGES = {3371--3412},
      ISSN = {1532-4435},
   MRCLASS = {62J07 (62G08 62G20 68T05)},
  MRNUMBER = {2877603},
MRREVIEWER = {Dan Kushnir},
       DOI = {10.1145/1553374.1553429}
}
		
@article {MR2676881,
    AUTHOR = {Huang, Junzhou and Zhang, Tong},
     TITLE = {The benefit of group sparsity},
   JOURNAL = {Ann. Statist.},
  FJOURNAL = {The Annals of Statistics},
    VOLUME = {38},
      YEAR = {2010},
    NUMBER = {4},
     PAGES = {1978--2004},
      ISSN = {0090-5364},
   MRCLASS = {62G05 (62J05 62J07)},
  MRNUMBER = {2676881},
MRREVIEWER = {Yuehua Wu},
       DOI = {10.1214/09-AOS778}
       }




@article {MR3111369,
    AUTHOR = {Mairal, Julien and Yu, Bin},
     TITLE = {Supervised feature selection in graphs with path coding
              penalties and network flows},
   JOURNAL = {J. Mach. Learn. Res.},
  FJOURNAL = {Journal of Machine Learning Research (JMLR)},
    VOLUME = {14},
      YEAR = {2013},
     PAGES = {2449--2485},
      ISSN = {1532-4435},
   MRCLASS = {62H12 (05Cxx 62J07 68T05 90B10)},
  MRNUMBER = {3111369},
}
		
@article {MR3118253,
    AUTHOR = {Esser, Ernie and Lou, Yifei and Xin, Jack},
     TITLE = {A method for finding structured sparse solutions to
              nonnegative least squares problems with applications},
   JOURNAL = {SIAM J. Imaging Sci.},
  FJOURNAL = {SIAM Journal on Imaging Sciences},
    VOLUME = {6},
      YEAR = {2013},
    NUMBER = {4},
     PAGES = {2010--2046},
      ISSN = {1936-4954},
   MRCLASS = {65K10 (90C55 90C90 94A08 94A15)},
  MRNUMBER = {3118253},
MRREVIEWER = {Zhongwen Chen},
       DOI = {10.1137/13090540X},
}
		
@article {MR2857968,
    AUTHOR = {Zhang, Tong},
     TITLE = {Sparse recovery with orthogonal matching pursuit under {RIP}},
   JOURNAL = {IEEE Trans. Inform. Theory},
  FJOURNAL = {Institute of Electrical and Electronics Engineers.
              Transactions on Information Theory},
    VOLUME = {57},
      YEAR = {2011},
    NUMBER = {9},
     PAGES = {6215--6221},
      ISSN = {0018-9448},
     CODEN = {IETTAW},
   MRCLASS = {94A12 (62M09)},
  MRNUMBER = {2857968},
MRREVIEWER = {Pham Dinh Tuan},
       DOI = {10.1109/TIT.2011.2162263},
}


@book{japkowicz2011evaluating,
  title={Evaluating learning algorithms: a classification perspective},
  author={Japkowicz, Nathalie and Shah, Mohak},
  year={2011},
  publisher={Cambridge University Press}
}



@book {MR1215932,
    AUTHOR = {Book, Ronald V. and Otto, Friedrich},
     TITLE = {String-rewriting systems},
    SERIES = {Texts and Monographs in Computer Science},
 PUBLISHER = {Springer-Verlag},
   ADDRESS = {New York},
      YEAR = {1993},
     PAGES = {viii+189},
      ISBN = {0-387-97965-4},
   MRCLASS = {68Q42 (03D05 68-02 68R15)},
  MRNUMBER = {1215932 (94f:68108)},
MRREVIEWER = {Matthias Jantzen},
}

@incollection{soft,
year={2013},
isbn={978-3-642-38681-7},
booktitle={Advances in Computational Intelligence},
volume={7903},
series={Lecture Notes in Computer Science},
editor={Rojas, Ignacio and Joya, Gonzalo and Cabestany, Joan},
doi={10.1007/978-3-642-38682-4_26},
title={On Galois Connections and Soft Computing},
url={http://dx.doi.org/10.1007/978-3-642-38682-4_26},
publisher={Springer Berlin Heidelberg},
keywords={Galois connection; Adjunction; Preorder; Fuzzy sets},
author={García-Pardo, F. and Cabrera, I.P. and Cordero, P. and Ojeda-Aciego, Manuel},
pages={224-235},
language={English}
}


@article {MR1271283,
    AUTHOR = {Valentini, Silvio},
     TITLE = {Representation theorems for quantales},
   JOURNAL = {Math. Logic Quart.},
  FJOURNAL = {Mathematical Logic Quarterly},
    VOLUME = {40},
      YEAR = {1994},
    NUMBER = {2},
     PAGES = {182--190},
      ISSN = {0942-5616},
   MRCLASS = {06D05 (03F50 03G25 06D10 06D20 18D15 18D35)},
  MRNUMBER = {1271283 (95g:06018)},
MRREVIEWER = {R. Gylys},
       DOI = {10.1002/malq.19940400205},
}

@incollection {MR3040167,
    AUTHOR = {Nishizawa, Koki and Furusawa, Hitoshi},
     TITLE = {Relational representation theorem for powerset quantales},
 BOOKTITLE = {Relational and algebraic methods in computer science},
    SERIES = {Lecture Notes in Comput. Sci.},
    VOLUME = {7560},
     PAGES = {207--218},
 PUBLISHER = {Springer, Heidelberg},
      YEAR = {2012},
   MRCLASS = {06F07 (03F52)},
  MRNUMBER = {3040167},
       DOI = {10.1007/978-3-642-33314-9_14},
}



@book {MR2452279,
    AUTHOR = {Padmanabhan, R. and Rudeanu, S.},
     TITLE = {Axioms for lattices and {B}oolean algebras},
 PUBLISHER = {World Scientific Publishing Co. Pte. Ltd., Hackensack, NJ},
      YEAR = {2008},
     PAGES = {xii+216},
      ISBN = {978-981-283-454-6; 981-283-454-0},
   MRCLASS = {06-02 (06B20 06C15 06E05)},
  MRNUMBER = {2452279 (2009j:06002)},
MRREVIEWER = {S. Comer},
       DOI = {10.1142/9789812834553},
}

@article {MR1501865,
    AUTHOR = {Stone, M. H.},
     TITLE = {The theory of representations for {B}oolean algebras},
   JOURNAL = {Trans. Amer. Math. Soc.},
  FJOURNAL = {Transactions of the American Mathematical Society},
    VOLUME = {40},
      YEAR = {1936},
    NUMBER = {1},
     PAGES = {37--111},
      ISSN = {0002-9947},
     CODEN = {TAMTAM},
   MRCLASS = {06E20},
  MRNUMBER = {1501865},
       DOI = {10.2307/1989664},
}

@article {MR1501684,
    AUTHOR = {Huntington, Edward V.},
     TITLE = {New sets of independent postulates for the algebra of logic,
              with special reference to {W}hitehead and {R}ussell's {\it
              {P}rincipia mathematica}},
   JOURNAL = {Trans. Amer. Math. Soc.},
  FJOURNAL = {Transactions of the American Mathematical Society},
    VOLUME = {35},
      YEAR = {1933},
    NUMBER = {1},
     PAGES = {274--304},
      ISSN = {0002-9947},
     CODEN = {TAMTAM},
   MRCLASS = {03G05},
  MRNUMBER = {1501684},
       DOI = {10.2307/1989325},
}


@book{whitehead1898treatise,
  title={A treatise on universal algebra: with applications},
  author={Whitehead, Alfred North},
  volume={1},
  year={1898},
  publisher={The University Press}
}

@book{boole1847mathematical,
  title={The mathematical analysis of logic},
  author={Boole, George},
  year={1847},
  publisher={Philosophical Library}
}

@book{boole1854investigation,
  title={An investigation of the laws of thought: on which are founded the mathematical theories of logic and probabilities},
  author={Boole, George},
  year={1854},
  publisher={Dover Publications}
}
@techreport{veroff2000short,
  title={A Short Sheffer Axiom for Boolean Algebra},
  author={Veroff, Robert and McCune, William},
  year={2000},
  institution={Citeseer}
}

@article {MR1940227,
    AUTHOR = {McCune, William and Veroff, Robert and Fitelson, Branden and
              Harris, Kenneth and Feist, Andrew and Wos, Larry},
     TITLE = {Short single axioms for {B}oolean algebra},
   JOURNAL = {J. Automat. Reason.},
  FJOURNAL = {Journal of Automated Reasoning},
    VOLUME = {29},
      YEAR = {2002},
    NUMBER = {1},
     PAGES = {1--16},
      ISSN = {0168-7433},
     CODEN = {JAREEW},
   MRCLASS = {68T15 (03B35 06E99)},
  MRNUMBER = {1940227 (2003i:68119)},
MRREVIEWER = {Viorica Sofronie-Stokkermans},
       DOI = {10.1023/A:1020542009983},
}

@book {MR1243640,
    AUTHOR = {Russell, Bertrand},
     TITLE = {Introduction to mathematical philosophy},
   EDITION = {second},
 PUBLISHER = {Dover Publications, Inc., New York},
      YEAR = {1993},
     PAGES = {viii+208},
      ISBN = {0-486-27724-0},
   MRCLASS = {03A05 (00A30 01A75)},
  MRNUMBER = {1243640 (95a:03008)},
MRREVIEWER = {Francisco A. Rodriguez Consuegra},
}

@book {MR1920418,
    AUTHOR = {Wolfram, Stephen},
     TITLE = {A new kind of science},
 PUBLISHER = {Wolfram Media, Inc., Champaign, IL},
      YEAR = {2002},
     PAGES = {xiv+1197},
      ISBN = {1-57955-008-8},
   MRCLASS = {37-02 (00A69 00A71 00A72 37B15 68Q80 82-02 82C20)},
  MRNUMBER = {1920418 (2003i:37002)},
MRREVIEWER = {Yves Pomeau},
}

@article {MR1240568,
    AUTHOR = {J{\'o}nsson, Bjarni and Tsinakis, Constantine},
     TITLE = {Relation algebras as residuated {B}oolean algebras},
   JOURNAL = {Algebra Universalis},
  FJOURNAL = {Algebra Universalis},
    VOLUME = {30},
      YEAR = {1993},
    NUMBER = {4},
     PAGES = {469--478},
      ISSN = {0002-5240},
     CODEN = {AGUVA3},
   MRCLASS = {03G15 (06E25)},
  MRNUMBER = {1240568 (94i:03120)},
MRREVIEWER = {S. Comer},
       DOI = {10.1007/BF01195378},
}

@book {MR2466574,
    AUTHOR = {Givant, Steven and Halmos, Paul},
     TITLE = {Introduction to {B}oolean algebras},
    SERIES = {Undergraduate Texts in Mathematics},
 PUBLISHER = {Springer, New York},
      YEAR = {2009},
     PAGES = {xiv+574},
      ISBN = {978-0-387-40293-2},
   MRCLASS = {06-01 (06E05)},
  MRNUMBER = {2466574 (2009j:06001)},
       DOI = {10.1007/978-0-387-68436-9},
}
	
@book{gramlich1996termination,
  title={Termination and confluence properties of structured rewrite systems},
  author={Gramlich, Bernhard},
  year={1996},
  publisher={Universit{\"a}t Kaiserslautern. Fachbereich Informatik}
}

@article {MR0331850,
    AUTHOR = {Rosen, Barry K.},
     TITLE = {Tree-manipulating systems and {C}hurch-{R}osser theorems},
   JOURNAL = {J. Assoc. Comput. Mach.},
  FJOURNAL = {Journal of the Association for Computing Machinery},
    VOLUME = {20},
      YEAR = {1973},
     PAGES = {160--187},
      ISSN = {0004-5411},
   MRCLASS = {68A05},
  MRNUMBER = {0331850 (48 \#10182)},
}


@phdthesis{hindley1964church,
  title={The Church-Rosser property and a result in combinatory logic.},
  author={Hindley, James Roger},
  year={1964},
  school={University of Newcastle upon Tyne}
}

@article {MR0347558,
    AUTHOR = {Hindley, R.},
     TITLE = {An abstract {C}hurch-{R}osser theorem. {II}. {A}pplications},
   JOURNAL = {J. Symbolic Logic},
  FJOURNAL = {The Journal of Symbolic Logic},
    VOLUME = {39},
      YEAR = {1974},
     PAGES = {1--21},
      ISSN = {0022-4812},
   MRCLASS = {02C20},
  MRNUMBER = {0347558 (50 \#61)},
MRREVIEWER = {H. B. Curry},
}

@incollection {MR0373840,
    AUTHOR = {Staples, John},
     TITLE = {Church-{R}osser theorems for replacement systems},
 BOOKTITLE = {Algebra and logic ({F}ourteenth {S}ummer {R}es. {I}nst.,
              {A}ustral. {M}ath. {S}oc., {M}onash {U}niv., {C}layton, 1974)},
     PAGES = {291--307. Lecture Notes in Math., Vol. 450},
 PUBLISHER = {Springer, Berlin},
      YEAR = {1975},
   MRCLASS = {02C20},
  MRNUMBER = {0373840 (51 \#10040)},
MRREVIEWER = {R. Hindley},
}

@article {MR1611247,
    AUTHOR = {Doornbos, Henk and von Karger, Burghard},
     TITLE = {On the union of well-founded relations},
      NOTE = {2nd Workshop of the RelMiCS (Relational Methods in Computer
              Science) Group (Paraty, 1995)},
   JOURNAL = {Log. J. IGPL},
  FJOURNAL = {Logic Journal of the IGPL. Interest Group in Pure and Applied
              Logics},
    VOLUME = {6},
      YEAR = {1998},
    NUMBER = {2},
     PAGES = {195--201},
      ISSN = {1367-0751},
   MRCLASS = {04A05 (68Q42)},
  MRNUMBER = {1611247},
       DOI = {10.1093/jigpal/6.2.195},
       URL = {http://dx.doi.org/10.1093/jigpal/6.2.195},
}

@article {MR1721911,
    AUTHOR = {Rudnicki, Piotr and Trybulec, Andrzej},
     TITLE = {On equivalents of well-foundedness. {A}n experiment in {MIZAR}},
   JOURNAL = {J. Automat. Reason.},
  FJOURNAL = {Journal of Automated Reasoning},
    VOLUME = {23},
      YEAR = {1999},
    NUMBER = {3-4},
     PAGES = {197--234},
      ISSN = {0168-7433},
     CODEN = {JAREEW},
   MRCLASS = {03B35 (03-04 03E30 68T15)},
  MRNUMBER = {1721911 (2000g:03029)},
       DOI = {10.1023/A:1006218513245},
       URL = {http://dx.doi.org/10.1023/A:1006218513245},
}

@book {MR2050123,
    AUTHOR = {Potter, Michael},
     TITLE = {Set theory and its philosophy},
      NOTE = {A critical introduction},
 PUBLISHER = {Oxford University Press, New York},
      YEAR = {2004},
     PAGES = {xiv+345},
      ISBN = {0-19-927041-4},
   MRCLASS = {03Exx (03-02 03A05)},
  MRNUMBER = {2050123 (2005d:03085)},
MRREVIEWER = {Perry Smith},
       DOI = {10.1093/acprof:oso/9780199269730.001.0001},
}


@book {MR1261866,
    AUTHOR = {Greenberg, Marvin Jay},
     TITLE = {Euclidean and non-{E}uclidean geometries},
   EDITION = {Third},
      NOTE = {Development and history},
 PUBLISHER = {W. H. Freeman and Company, New York},
      YEAR = {1993},
     PAGES = {xviii+483},
      ISBN = {0-7167-2446-4},
   MRCLASS = {51-01 (01A60 51-03)},
  MRNUMBER = {1261866 (94k:51001)},
}

@article {MR2995420,
    AUTHOR = {Borovik, Alexandre and Jin, Renling and Katz, Mikhail G.},
     TITLE = {An integer construction of infinitesimals: toward a theory of
              {E}udoxus hyperreals},
   JOURNAL = {Notre Dame J. Form. Log.},
  FJOURNAL = {Notre Dame Journal of Formal Logic},
    VOLUME = {53},
      YEAR = {2012},
    NUMBER = {4},
     PAGES = {557--570},
      ISSN = {0029-4527},
   MRCLASS = {26E35 (03C20 03H05)},
  MRNUMBER = {2995420},
MRREVIEWER = {Ricardo Bianconi},
       DOI = {10.1215/00294527-1722755},
}


@article {MR2155112,
    AUTHOR = {Grundh{\"o}fer, Theo},
     TITLE = {Describing the real numbers in terms of integers},
   JOURNAL = {Arch. Math. (Basel)},
  FJOURNAL = {Archiv der Mathematik},
    VOLUME = {85},
      YEAR = {2005},
    NUMBER = {1},
     PAGES = {79--81},
      ISSN = {0003-889X},
     CODEN = {ACVMAL},
   MRCLASS = {20K30},
  MRNUMBER = {2155112 (2006b:20079)},
       DOI = {10.1007/s00013-005-1413-z},
}


@article {MR2155112,
    AUTHOR = {Grundh{\"o}fer, Theo},
     TITLE = {Describing the real numbers in terms of integers},
   JOURNAL = {Arch. Math. (Basel)},
  FJOURNAL = {Archiv der Mathematik},
    VOLUME = {85},
      YEAR = {2005},
    NUMBER = {1},
     PAGES = {79--81},
      ISSN = {0003-889X},
     CODEN = {ACVMAL},
   MRCLASS = {20K30},
  MRNUMBER = {2155112 (2006b:20079)},
       DOI = {10.1007/s00013-005-1413-z},
}



@article {MR2205482,
    AUTHOR = {Martin, Keye},
     TITLE = {Compactness of the space of causal curves},
   JOURNAL = {Classical Quantum Gravity},
  FJOURNAL = {Classical and Quantum Gravity},
    VOLUME = {23},
      YEAR = {2006},
    NUMBER = {4},
     PAGES = {1241--1251},
      ISSN = {0264-9381},
     CODEN = {CQGRDG},
   MRCLASS = {53C50 (83C75)},
  MRNUMBER = {2205482 (2006k:53121)},
MRREVIEWER = {Roberto Giamb{\`o}},
       DOI = {10.1088/0264-9381/23/4/011},
}


@article {MR3043670,
    AUTHOR = {Indur{\'a}in, E. and Knoblauch, V.},
     TITLE = {On topological spaces whose topology is induced by a binary
              relation},
   JOURNAL = {Quaest. Math.},
  FJOURNAL = {Quaestiones Mathematicae. Journal of the South African
              Mathematical Society},
    VOLUME = {36},
      YEAR = {2013},
    NUMBER = {1},
     PAGES = {47--65},
      ISSN = {1607-3606},
   MRCLASS = {54A10 (54F05)},
  MRNUMBER = {3043670},
MRREVIEWER = {M. Lellis Thivagar},
       DOI = {10.2989/16073606.2013.780335},
}


@book {MR2341508,
    AUTHOR = {Fonseca, Irene and Leoni, Giovanni},
     TITLE = {Modern methods in the calculus of variations: {$L^p$}
              spaces},
    SERIES = {Springer Monographs in Mathematics},
 PUBLISHER = {Springer, New York},
      YEAR = {2007},
     PAGES = {xiv+599},
      ISBN = {978-0-387-35784-3},
   MRCLASS = {49-01 (46E30 49J45)},
  MRNUMBER = {2341508 (2008m:49001)},
MRREVIEWER = {Erik J. Balder},
}

@book {MR1478419,
    AUTHOR = {Burk, Frank},
     TITLE = {Lebesgue measure and integration},
    SERIES = {Pure and Applied Mathematics (New York)},
      NOTE = {An introduction,
              A Wiley-Interscience Publication},
 PUBLISHER = {John Wiley \& Sons, Inc., New York},
      YEAR = {1998},
     PAGES = {xvi+292},
      ISBN = {0-471-17978-7},
   MRCLASS = {28-01},
  MRNUMBER = {1478419 (98g:28001)},
}
	
@book {MR2827917,
    AUTHOR = {Tao, Terence},
     TITLE = {An introduction to measure theory},
    SERIES = {Graduate Studies in Mathematics},
    VOLUME = {126},
 PUBLISHER = {American Mathematical Society, Providence, RI},
      YEAR = {2011},
     PAGES = {xvi+206},
      ISBN = {978-0-8218-6919-2},
   MRCLASS = {28-01},
  MRNUMBER = {2827917 (2012h:28003)},
MRREVIEWER = {Mahendra G. Nadkarni},
}

@book {MR1604864,
    AUTHOR = {Schutz, John W.},
     TITLE = {Independent axioms for {M}inkowski space-time},
    SERIES = {Pitman Research Notes in Mathematics Series},
    VOLUME = {373},
 PUBLISHER = {Longman, Harlow},
      YEAR = {1997},
     PAGES = {xii+241},
      ISBN = {0-582-31760-6},
   MRCLASS = {51B20 (51P05 83A05)},
  MRNUMBER = {1604864 (98m:51004)},
MRREVIEWER = {J. A. Lester},
}


@article {MR0249331,
    AUTHOR = {Janowitz, M. F.},
     TITLE = {Residuated closure operators},
   JOURNAL = {Portugal. Math.},
  FJOURNAL = {Portugaliae Mathematica},
    VOLUME = {26},
      YEAR = {1967},
     PAGES = {221--252},
      ISSN = {0032-5155},
   MRCLASS = {06.30 (02.00)},
  MRNUMBER = {0249331 (40 \#2576)},
MRREVIEWER = {A. Preller},
}


@misc{wiki:1,
   author = "Wikipedia",
   title = "Von {N}eumann--{B}ernays--{G}{\"o}del Set Theory",
   year = "2015",
   url = "\url{http://en.wikipedia.org/wiki/Von_Neumann--Bernay--G{\"o}del_set_theory}",
   note = "[Last modified on 20 January 2015, at 20:07.]"
 }
 
 
 @book {MR2541825,
    AUTHOR = {Mendelson, Elliott},
     TITLE = {Introduction to mathematical logic},
    SERIES = {Discrete Mathematics and its Applications (Boca Raton)},
   EDITION = {Fifth},
 PUBLISHER = {CRC Press, Boca Raton, FL},
      YEAR = {2010},
     PAGES = {xxiv+469},
      ISBN = {978-1-58488-876-5; 1-58488-876-8},
   MRCLASS = {03-01},
  MRNUMBER = {2541825 (2010h:03001)},
}


@book {MR0209111,
    AUTHOR = {van Heijenoort, Jean},
     TITLE = {From {F}rege to {G}\"odel. {A} source book in mathematical
              logic, 1879--1931},
 PUBLISHER = {Harvard University Press, Cambridge, Mass.},
      YEAR = {1967},
     PAGES = {xi+660 pp. (1 plate)},
   MRCLASS = {02.00},
  MRNUMBER = {0209111 (35 \#15)},
MRREVIEWER = {R. C. Lyndon},
}


@book {MR0211373,
    AUTHOR = {{\v{C}}ech, Eduard},
     TITLE = {Topological spaces},
    SERIES = {Revised edition by Zden\v ek Frol\'\i k and Miroslav Kat\v
              etov. Scientific editor, Vlastimil Pt\'ak. Editor of the
              English translation, Charles O. Junge},
 PUBLISHER = {Publishing House of the Czechoslovak Academy of Sciences,
              Prague; Interscience Publishers John Wiley \& Sons, London-New
              York-Sydney},
      YEAR = {1966},
     PAGES = {893 pp. (errata insert)},
   MRCLASS = {54.00},
  MRNUMBER = {0211373 (35 \#2254)},
MRREVIEWER = {{\'A}. Cs{\'a}sz{\'a}r},
}



@book{howie,
  title={An introduction to semigroup theory},
  author={Howie, John Mackintosh},
  volume={282},
  year={1976},
  publisher={Academic press London}
}

@book{howie1995fundamentals,
  title={Fundamentals of semigroup theory},
  author={Howie, John Mackintosh},
  year={1995},
  publisher={Clarendon Oxford}
}

@book{ljapin1963semigroups,
  title={Semigroups},
  author={Ljapin, Evgenij Sergeevi{\v{c}} and Danskin, John Moffatt},
  year={1963},
  publisher={American mathematical society}
}

@book {MR0283741,
    AUTHOR = {Kasriel, Robert H.},
     TITLE = {Undergraduate topology},
 PUBLISHER = {W. B. Saunders Co., Philadelphia, Pa.-London-Toronto, Ont.},
      YEAR = {1971},
     PAGES = {xiv+285},
   MRCLASS = {54.00},
  MRNUMBER = {0283741 (44 \#971)},
MRREVIEWER = {W. J. Pervin},
}

@book {MR0193606,
    AUTHOR = {Dugundji, James},
     TITLE = {Topology},
 PUBLISHER = {Allyn and Bacon, Inc., Boston, Mass.},
      YEAR = {1966},
     PAGES = {xvi+447},
   MRCLASS = {54.00},
  MRNUMBER = {0193606 (33 \#1824)},
MRREVIEWER = {M. Edelstein},
}

@misc{munkres2000topology,
  title={Topology, 2nd},
  author={Munkres, James R},
  year={2000},
  publisher={Prentice Hall}
}

@book{clifford1967algebraic,
  title={The algebraic theory of semigroups},
  author={Clifford, Alfred Hoblitzelle and Preston, Gordon Bambord},
  volume={7},
  year={1967},
  publisher={American Mathematical Soc.}
}

@book{lallement1979semigroups,
  title={Semigroups and combinatorial applications},
  author={Lallement, Gerard},
  year={1979},
  publisher={John Wiley \& Sons, Inc.}
}

@inproceedings{schein1994techniques,
  title={Techniques of semigroup theory},
  author={Schein, Boris M},
  booktitle={Semigroup Forum},
  volume={49},
  number={1},
  pages={397--402},
  year={1994},
  organization={Springer}
}

@book{petrich1973introduction,
  title={Introduction to semigroups},
  author={Petrich, Mario},
  year={1973},
  publisher={Merrill Columbus}
}


@book {MR2017849,
    AUTHOR = {Grillet, P. A.},
     TITLE = {Commutative semigroups},
    SERIES = {Advances in Mathematics (Dordrecht)},
    VOLUME = {2},
 PUBLISHER = {Kluwer Academic Publishers, Dordrecht},
      YEAR = {2001},
     PAGES = {xiv+436},
      ISBN = {0-7923-7067-8},
   MRCLASS = {20M14},
  MRNUMBER = {2017849 (2004h:20089)},
MRREVIEWER = {Jos{\'e} Carlos Rosales},
       DOI = {10.1007/978-1-4757-3389-1},
}


@unpublished{Smith2014,
Author = {Smith, David Andrew},
Institution = {University of Texas at Arlington},
Title = {Syzygies Everywhere},
Year = {2014},
Note = {(Manuscript submitted for publication)}
}


@book{szasz,
  title={Introduction to Lattice Theory},
  author={Szasz, Gabor},
  volume={3},
  year={1963},
  publisher={Academic Press}
}


@book{9780521784511,
  Author = {B. A. Davey and H. A. Priestley},
  Title = {Introduction to Lattices and Order},
  Publisher = {Cambridge University Press},
  Year = {2002},
  ISBN = {0521784514},
}



@book {MR2126425,
    AUTHOR = {Blyth, T. S.},
     TITLE = {Lattices and ordered algebraic structures},
    SERIES = {Universitext},
 PUBLISHER = {Springer-Verlag London Ltd.},
   ADDRESS = {London},
      YEAR = {2005},
     PAGES = {x+303},
      ISBN = {1-85233-905-5},
   MRCLASS = {06-02 (00-01)},
  MRNUMBER = {2126425 (2006h:06001)},
MRREVIEWER = {Bernd S. W. Schr{\"o}der},
}



@article {MR0061575,
    AUTHOR = {Frink, Orrin},
     TITLE = {Ideals in partially ordered sets},
   JOURNAL = {Amer. Math. Monthly},
  FJOURNAL = {The American Mathematical Monthly},
    VOLUME = {61},
      YEAR = {1954},
     PAGES = {223--234},
      ISSN = {0002-9890},
   MRCLASS = {09.1X},
  MRNUMBER = {0061575 (15,848a)},
MRREVIEWER = {M. Novotn{\'y}},
}



@book {MR2179691,
    AUTHOR = {Serre, Jean-Pierre},
     TITLE = {Lie algebras and {L}ie groups},
    SERIES = {Lecture Notes in Mathematics},
    VOLUME = {1500},
      NOTE = {1964 lectures given at Harvard University,
              Corrected fifth printing of the second (1992) edition},
 PUBLISHER = {Springer-Verlag, Berlin},
      YEAR = {2006},
     PAGES = {viii+168},
      ISBN = {978-3-540-55008-2; 3-540-55008-9},
   MRCLASS = {17-01 (22-01)},
  MRNUMBER = {2179691 (2006e:17001)},
}


@book {MR1727844,
    AUTHOR = {Bourbaki, Nicolas},
     TITLE = {Algebra {I}. {C}hapters 1--3},
    SERIES = {Elements of Mathematics (Berlin)},
      NOTE = {Translated from the French,
              Reprint of the 1989 English translation [ MR0979982
              (90d:00002)]},
 PUBLISHER = {Springer-Verlag, Berlin},
      YEAR = {1998},
     PAGES = {xxiv+709},
      ISBN = {3-540-64243-9},
   MRCLASS = {00A05},
  MRNUMBER = {1727844},
}

@book {MR979294,
    AUTHOR = {Bourbaki, Nicolas},
     TITLE = {General topology. {C}hapters 1--4},
    SERIES = {Elements of Mathematics (Berlin)},
      NOTE = {Translated from the French,
              Reprint of the 1966 edition},
 PUBLISHER = {Springer-Verlag, Berlin},
      YEAR = {1989},
     PAGES = {viii+437},
      ISBN = {3-540-19374-X},
   MRCLASS = {54-02 (00A05 54-01)},
  MRNUMBER = {979294 (90a:54001a)},
}

@article {MR0033787,
    AUTHOR = {Bourbaki, Nicholas},
     TITLE = {The architecture of mathematics},
   JOURNAL = {Amer. Math. Monthly},
  FJOURNAL = {The American Mathematical Monthly},
    VOLUME = {57},
      YEAR = {1950},
     PAGES = {221--232},
      ISSN = {0002-9890},
   MRCLASS = {02.0X},
  MRNUMBER = {0033787 (11,488d)},
}


@book{sibley2008foundations,
  title={The foundations of mathematics},
  author={Sibley, Thomas Q},
  year={2008},
  publisher={John Wiley \& Sons}
}

@book {MR0114756,
    AUTHOR = {Halmos, Paul R.},
     TITLE = {Naive set theory},
    SERIES = {The University Series in Undergraduate Mathematics},
 PUBLISHER = {D. Van Nostrand Co., Princeton, N.J.-Toronto-London-New York},
      YEAR = {1960},
     PAGES = {vii+104},
   MRCLASS = {04.00},
  MRNUMBER = {0114756 (22 \#5575)},
MRREVIEWER = {L. Rieger},
}

@book {MR1344447,
    AUTHOR = {Bennett, M. K.},
     TITLE = {Affine and projective geometry},
    SERIES = {A Wiley-Interscience Publication},
 PUBLISHER = {John Wiley \& Sons, Inc., New York},
      YEAR = {1995},
     PAGES = {xviii+229},
      ISBN = {0-471-11315-8},
   MRCLASS = {51A30 (51-01 51E15)},
  MRNUMBER = {1344447 (96f:51005)},
MRREVIEWER = {Vikram Jha},
       DOI = {10.1002/9781118032565},
}

@book {MR0333959,
    AUTHOR = {Hughes, Daniel R. and Piper, Fred C.},
     TITLE = {Projective planes},
      NOTE = {Graduate Texts in Mathematics, Vol. 6},
 PUBLISHER = {Springer-Verlag, New York-Berlin},
      YEAR = {1973},
     PAGES = {x+291},
   MRCLASS = {50D35},
  MRNUMBER = {0333959 (48 \#12278)},
MRREVIEWER = {G. Pickert},
}

@article {MR0136562,
    AUTHOR = {Wolk, E. S.},
     TITLE = {On order-convergence},
   JOURNAL = {Proc. Amer. Math. Soc.},
  FJOURNAL = {Proceedings of the American Mathematical Society},
    VOLUME = {12},
      YEAR = {1961},
     PAGES = {379--384},
      ISSN = {0002-9939},
   MRCLASS = {06.20},
  MRNUMBER = {0136562 (25 \#32)},
MRREVIEWER = {M. Kolibiar},
}

@article {MR0061575,
    AUTHOR = {Frink, Orrin},
     TITLE = {Ideals in partially ordered sets},
   JOURNAL = {Amer. Math. Monthly},
  FJOURNAL = {The American Mathematical Monthly},
    VOLUME = {61},
      YEAR = {1954},
     PAGES = {223--234},
      ISSN = {0002-9890},
   MRCLASS = {09.1X},
  MRNUMBER = {0061575 (15,848a)},
MRREVIEWER = {M. Novotn{\'y}},
}

@article {MR0210625,
    AUTHOR = {Derd{\'e}rian, Jean-Claude},
     TITLE = {Residuated mappings},
   JOURNAL = {Pacific J. Math.},
  FJOURNAL = {Pacific Journal of Mathematics},
    VOLUME = {20},
      YEAR = {1967},
     PAGES = {35--43},
      ISSN = {0030-8730},
   MRCLASS = {06.20},
  MRNUMBER = {0210625 (35 \#1511)},
MRREVIEWER = {D. J. Foulis},
}


@article {MR1908009,
    AUTHOR = {Gillman, Leonard},
     TITLE = {Two classical surprises concerning the axiom of choice and the
              continuum hypothesis},
   JOURNAL = {Amer. Math. Monthly},
  FJOURNAL = {The American Mathematical Monthly},
    VOLUME = {109},
      YEAR = {2002},
    NUMBER = {6},
     PAGES = {544--553},
      ISSN = {0002-9890},
     CODEN = {AMMYAE},
   MRCLASS = {03E25 (03E50)},
  MRNUMBER = {1908009 (2003d:03081)},
MRREVIEWER = {Paul E. Howard},
       DOI = {10.2307/2695444},
}

@article {MR0020121,
    AUTHOR = {Sierpi{\'n}ski, Wac{\l}aw},
     TITLE = {L'hypoth\`ese g\'en\'eralis\'ee du continu et l'axiome du
              choix},
   JOURNAL = {Fund. Math.},
  FJOURNAL = {Polska Akademia Nauk. Fundamenta Mathematicae},
    VOLUME = {34},
      YEAR = {1947},
     PAGES = {1--5},
      ISSN = {0016-2736},
   MRCLASS = {27.2X},
  MRNUMBER = {0020121 (8,506a)},
MRREVIEWER = {J. Todd},
}

@book {MR2127991,
    AUTHOR = {Harzheim, Egbert},
     TITLE = {Ordered sets},
    SERIES = {Advances in Mathematics (Springer)},
    VOLUME = {7},
 PUBLISHER = {Springer},
   ADDRESS = {New York},
      YEAR = {2005},
     PAGES = {xii+386},
      ISBN = {0-387-24219-8},
   MRCLASS = {06-01 (03-01 03E05 03E10 06A05 06A06 06A07)},
  MRNUMBER = {2127991 (2006e:06001)},
MRREVIEWER = {Judith Roitman},
}


@book {MR1902334,
    AUTHOR = {Davey, B. A. and Priestley, H. A.},
     TITLE = {Introduction to lattices and order},
   EDITION = {Second},
 PUBLISHER = {Cambridge University Press},
   ADDRESS = {New York},
      YEAR = {2002},
     PAGES = {xii+298},
      ISBN = {0-521-78451-4},
   MRCLASS = {06-01 (68Q55)},
  MRNUMBER = {1902334 (2003e:06001)},
MRREVIEWER = {T. S. Blyth},
}

@book {MR0396359,
    AUTHOR = {Blyth, T. S. and Janowitz, M. F.},
     TITLE = {Residuation theory},
      NOTE = {International Series of Monographs in Pure and Applied
              Mathematics, Vol. 102},
 PUBLISHER = {Pergamon Press},
   ADDRESS = {Oxford},
      YEAR = {1972},
     PAGES = {ix+379},
   MRCLASS = {06A50},
  MRNUMBER = {0396359 (53 \#226)},
MRREVIEWER = {B. M. Schein (Sain)},
}

@book {MR0166118,
    AUTHOR = {Sz{\'a}sz, G{\'a}bor},
     TITLE = {Introduction to lattice theory},
    SERIES = {Third revised and enlarged edition. MS revised by R. Wiegandt;
              translated by B. Balkay and G. T\'oth},
 PUBLISHER = {Academic Press},
   ADDRESS = {New York},
      YEAR = {1963},
     PAGES = {229},
   MRCLASS = {06.00},
  MRNUMBER = {0166118 (29 \#3396)},
MRREVIEWER = {O. Frink},
}


@article {MR1943869,
    AUTHOR = {Ferrari, Luca},
     TITLE = {On derivations of lattices},
   JOURNAL = {Pure Math. Appl.},
  FJOURNAL = {Pure Mathematics and Applications},
    VOLUME = {12},
      YEAR = {2001},
    NUMBER = {4},
     PAGES = {365--382},
      ISSN = {1218-4586},
   MRCLASS = {06B99 (06B23)},
  MRNUMBER = {1943869 (2003m:06007)},
MRREVIEWER = {Katherine Johnston-Thom},
}
		
@article {MR0382090,
    AUTHOR = {Sz{\'a}sz, G.},
     TITLE = {Derivations of lattices},
   JOURNAL = {Acta Sci. Math. (Szeged)},
  FJOURNAL = {Acta Universitatis Szegediensis. Acta Scientiarum
              Mathematicarum},
    VOLUME = {37},
      YEAR = {1975},
     PAGES = {149--154},
      ISSN = {0001-6969},
   MRCLASS = {06A20},
  MRNUMBER = {0382090 (52 \#2978)},
MRREVIEWER = {V. S. Krishnan},
}

@book {MR598630,
    AUTHOR = {Birkhoff, Garrett},
     TITLE = {Lattice theory},
    SERIES = {American Mathematical Society Colloquium Publications},
    VOLUME = {25},
   EDITION = {third},
 PUBLISHER = {American Mathematical Society},
   ADDRESS = {Providence, R.I.},
      YEAR = {1979},
     PAGES = {vi+418},
      ISBN = {0-8218-1025-1},
   MRCLASS = {06-01 (46A40 47B55 54H12)},
  MRNUMBER = {598630 (82a:06001)},
}

@book {MR0123490,
    AUTHOR = {Birkhoff, Garrett},
     TITLE = {Lattice theory},
    SERIES = {American Mathematical Society Colloquium Publications, Vol.
              XXV},
      NOTE = {Revised ed},
 PUBLISHER = {American Mathematical Society},
   ADDRESS = {Providence, R.I.},
      YEAR = {1961},
     PAGES = {xiii+283},
   MRCLASS = {06.30},
  MRNUMBER = {0123490 (23 \#A815)},
}

@book {MR1944415,
    AUTHOR = {Schr{\"o}der, Bernd S. W.},
     TITLE = {Ordered sets},
      NOTE = {An introduction},
 PUBLISHER = {Birkh\"auser Boston Inc.},
   ADDRESS = {Boston, MA},
      YEAR = {2003},
     PAGES = {xviii+391},
      ISBN = {0-8176-4128-9},
   MRCLASS = {06-01 (05-02 06-02 68Q25 68T20)},
  MRNUMBER = {1944415 (2003k:06001)},
MRREVIEWER = {Joel Berman},
       DOI = {10.1007/978-1-4612-0053-6},
}

@book {MR1319815,
    AUTHOR = {Freese, Ralph and Je{\v{z}}ek, Jaroslav and Nation, J. B.},
     TITLE = {Free lattices},
    SERIES = {Mathematical Surveys and Monographs},
    VOLUME = {42},
 PUBLISHER = {American Mathematical Society},
   ADDRESS = {Providence, RI},
      YEAR = {1995},
     PAGES = {viii+293},
      ISBN = {0-8218-0389-1},
   MRCLASS = {06B25 (06-02 06-04 06B20 68Q25)},
  MRNUMBER = {1319815 (96c:06013)},
MRREVIEWER = {T. S. Blyth},
}

@book {MR0321817,
    AUTHOR = {Gr{\"a}tzer, George},
     TITLE = {Lattice theory. {F}irst concepts and distributive lattices},
 PUBLISHER = {W. H. Freeman and Co.},
   ADDRESS = {San Francisco, Calif.},
      YEAR = {1971},
     PAGES = {xv+212},
   MRCLASS = {06-XX},
  MRNUMBER = {0321817 (48 \#184)},
MRREVIEWER = {O. Frink},
}

@book {MR2446182,
    AUTHOR = {Roman, Steven},
     TITLE = {Lattices and ordered sets},
 PUBLISHER = {Springer},
   ADDRESS = {New York},
      YEAR = {2008},
     PAGES = {xvi+305},
      ISBN = {978-0-387-78900-2},
   MRCLASS = {06-01},
  MRNUMBER = {2446182 (2009f:06001)},
MRREVIEWER = {T. S. Blyth},
}

@article {MR1557926,
    AUTHOR = {Hilbert, David},
     TITLE = {Mathematical problems},
   JOURNAL = {Bull. Amer. Math. Soc.},
  FJOURNAL = {Bulletin of the American Mathematical Society},
    VOLUME = {8},
      YEAR = {1902},
    NUMBER = {10},
     PAGES = {437--479},
      ISSN = {0002-9904},
   MRCLASS = {Contributed Item},
  MRNUMBER = {1557926},
       DOI = {10.1090/S0002-9904-1902-00923-3},
       URL = {http://dx.doi.org/10.1090/S0002-9904-1902-00923-3},
}

@article{leibniz1956general,
  title={On the general characteristic},
  author={Leibniz, G.W.},
  journal={LE Loemmker,(Ed. and trans.), Gottfried Wilhelm Leibniz: Philosophical papers and letters. Dordrecht/Boston: Reidel},
  year={1956}
}

@article{godel1951some,
  title={Some basic theorems on the foundations of mathematics and their implications},
  author={G{\"o}del, K.},
  journal={Collected works},
  volume={3},
  pages={304--323},
  year={1951}
}

@inproceedings{Buchberger:1983:CAF:648043.745042,
 author = {Buchberger, Bruno},
 title = {A critical-pair/completion algorithm for finitely generated ideals in rings},
 booktitle = {Proceedings of the Symposium "Rekursive Kombinatorik" on Logic and Machines: Decision Problems and Complexity},
 year = {1984},
 isbn = {3-540-13331-3},
 pages = {137--161},
 numpages = {25},
 url = {http://dl.acm.org/citation.cfm?id=648043.745042},
 acmid = {745042},
 publisher = {Springer-Verlag},
 address = {London, UK, UK},
} 

@article{ono1957set,
  title={A set theory founded on unique generating principle},
  author={Ono, K.},
  journal={Nagoya Mathematical Journal},
  volume={12},
  pages={151--159},
  year={1957},
  publisher={Editorial Board, Nagoya Mathematical Journal}
}

@article{newman1942theories,
  title={On Theories with a Combinatorial Definition of ``Equivalence"},
  author={Newman, M.H.A.},
  journal={The Annals of Mathematics},
  volume={43},
  number={2},
  pages={223--243},
  year={1942},
  publisher={JSTOR}
}


@article{church1936some,
  title={Some properties of conversion},
  author={Church, A. and Rosser, J.B.},
  journal={Transactions of the American Mathematical Society},
  volume={39},
  number={3},
  pages={472--482},
  year={1936},
  publisher={JSTOR}
}


@article{attewell1998florence,
  title={Florence Nightingale (1820--1910)},
  author={Attewell, A.},
  journal={Prospects},
  volume={28},
  number={1},
  pages={151--166},
  year={1998},
  publisher={Springer}
}


@book{adler1995theory,
  title={The theory of numbers: A text and source book of problems},
  author={Adler, A. and Coury, J.E.},
  year={1995},
  publisher={Jones and Bartlett}
}

@book{andreescu2009number,
  title={Number theory: structures, examples, and problems},
  author={Andreescu, T. and Andrica, D.},
  year={2009},
  publisher={Springer}
}

@book{bolker1970elementary,
  title={Elementary number theory: an algebraic approach},
  author={Bolker, E.D.},
  year={1970},
  publisher={WA Benjamin}
}

@book{burn1997pathway,
  title={A pathway into number theory},
  author={Burn, R.P.},
  year={1997},
  publisher={Cambridge Univ Pr}
}

@book{cohen1993course,
  title={A course in computational algebraic number theory},
  author={Cohen, H.},
  volume={138},
  year={1993},
  publisher={Springer}
}

@book{eynden2001elementary,
  title={Elementary number theory},
  author={Eynden, C.V.},
  year={2001},
  publisher={McGraw-Hill}
}

@book{dudley1969elementary,
  title={Elementary number theory},
  author={Dudley, U.},
  year={1969},
  publisher={WH Freeman}
}

@book{everest2005introduction,
  title={An introduction to number theory},
  author={Everest, G. and Ward, T.},
  year={2005},
  publisher={Springer Verlag}
}

@book{griffin1954elementary,
  title={Elementary theory of numbers},
  author={Griffin, H.},
  year={1954},
  publisher={McGraw-Hill}
}

@book{leveque1996fundamentals,
  title={Fundamentals of number theory},
  author={LeVeque, W.J.},
  year={1996},
  publisher={Dover Pubns}
}

@book{robbins2006beginning,
  title={Beginning number theory},
  author={Robbins, N.},
  year={2006},
  publisher={Jones \& Bartlett Learning}
}

@book{ireland1990classical,
  title={A classical introduction to modern number theory},
  author={Ireland, K.F. and Rosen, M.I.},
  volume={84},
  year={1990},
  publisher={Springer}
}

@book{tattersall2005elementary,
  title={Elementary number theory in nine chapters},
  author={Tattersall, J.J.},
  year={2005},
  publisher={Cambridge Univ Pr}
}


@article{ore1942theory,
  title={Theory of equivalence relations},
  author={Ore, O.},
  journal={Duke Mathematical Journal},
  volume={9},
  number={3},
  pages={573--627},
  year={1942},
  publisher={Duke University Press}
}


@book{9780023607202,
  Author = {Richard Johnsonbaugh},
  Title = {Discrete Mathematics (Revised Edition)},
  Publisher = {Macmillan USA},
  Year = {1986},
  ISBN = {0023607203},
  URL = {http://www.amazon.com/Discrete-Mathematics-Revised-Edition-Johnsonbaugh/dp/0023607203}
}

@article{post1943formal,
  title={Formal reductions of the general combinatorial decision problem},
  author={Post, E.L.},
  journal={American journal of mathematics},
  volume={65},
  number={2},
  pages={197-215},
  year={1943},
  publisher={JSTOR}
}

@article{chomsky1956three,
  title={Three models for the description of language},
  author={Chomsky, N.},
  journal={Information Theory, IRE Transactions on},
  volume={2},
  number={3},
  pages={113--124},
  year={1956},
  publisher={IEEE}
}

@article{chomsky1963formal,
title={Formal properties of grammars},
author={Chomsky, N.},
year={1963},
publisher={Wiley}
}

@article{chomsky1959certain,
  title={On certain formal properties of grammars},
  author={Chomsky, N.},
  journal={Information and control},
  volume={2},
  number={2},
  pages={137--167},
  year={1959},
  publisher={Elsevier}
}

@book {MR972260,
    AUTHOR = {Jantzen, Matthias},
     TITLE = {Confluent string rewriting},
    SERIES = {EATCS Monographs on Theoretical Computer Science},
    VOLUME = {14},
 PUBLISHER = {Springer-Verlag},
   ADDRESS = {Berlin},
      YEAR = {1988},
     PAGES = {x+126},
      ISBN = {3-540-13715-7},
   MRCLASS = {68Q50 (03B35 03D03 20F05 20F10)},
  MRNUMBER = {972260 (90d:68044)},
MRREVIEWER = {Friedrich Otto},
}

@book{chomsky1965aspects,
  title={Aspects of the Theory of Syntax},
  author={Chomsky, N.},
  volume={119},
  year={1965},
  publisher={MIT Press (MA)}
}

@incollection {MR1381696,
    AUTHOR = {Klop, J. W.},
     TITLE = {Term rewriting systems},
 BOOKTITLE = {Handbook of logic in computer science, {V}ol.\ 2},
    SERIES = {Handb. Log. Comput. Sci.},
    VOLUME = {2},
     PAGES = {1--116},
 PUBLISHER = {Oxford Univ. Press},
   ADDRESS = {New York},
      YEAR = {1992},
   MRCLASS = {68Q42},
  MRNUMBER = {1381696 (98e:68128)},
MRREVIEWER = {Peter R. J. Asveld},
}

@book {MR1213453,
    AUTHOR = {Becker, Thomas and Weispfenning, Volker},
     TITLE = {Gr\"obner bases},
    SERIES = {Graduate Texts in Mathematics},
    VOLUME = {141},
      NOTE = {A computational approach to commutative algebra,
              In cooperation with Heinz Kredel},
 PUBLISHER = {Springer-Verlag},
   ADDRESS = {New York},
      YEAR = {1993},
     PAGES = {xxii+574},
      ISBN = {0-387-97971-9}
}


@article {MR2768390,
    AUTHOR = {Du{\v{z}}{\'{\i}}, Marie and Materna, Pavel},
     TITLE = {Can concepts be defined in terms of sets?},
   JOURNAL = {Logic Log. Philos.},
  FJOURNAL = {Logic and Logical Philosophy},
    VOLUME = {19},
      YEAR = {2010},
    NUMBER = {3},
     PAGES = {195--242},
      ISSN = {1425-3305},
   MRCLASS = {03A05},
  MRNUMBER = {2768390 (2011k:03011)},
}

@article{alexandroff1937diskrete,
  title={Diskrete r{\"a}ume},
  author={Alexandroff, P.},
  journal={Mat. Sb.(NS)},
  volume={2},
  pages={501--518},
  year={1937}
}

@book {MR1934138,
    AUTHOR = {Ohlebusch, Enno},
     TITLE = {Advanced topics in term rewriting},
 PUBLISHER = {Springer-Verlag, New York},
      YEAR = {2002},
     PAGES = {xvi+414},
      ISBN = {0-387-95250-0},
   MRCLASS = {68Q42 (68-02)},
  MRNUMBER = {1934138},
MRREVIEWER = {Yves Metivier},
       DOI = {10.1007/978-1-4757-3661-8},
       URL = {http://dx.doi.org.ezproxy.uta.edu/10.1007/978-1-4757-3661-8},
}

@article {MR2842744,
    AUTHOR = {Rose, David and Scible, Gregg and Walsh, Danielle},
     TITLE = {Alexandroff spaces},
   JOURNAL = {J. Adv. Stud. Topol.},
  FJOURNAL = {Journal of Advanced Studies in Topology},
    VOLUME = {3},
      YEAR = {2012},
    NUMBER = {1},
     PAGES = {31--43},
      ISSN = {2090-388X},
   MRCLASS = {54D10 (54A10 54D30 54F05 54G15)},
  MRNUMBER = {2842744 (2012j:54041)},
MRREVIEWER = {J. E. Vaughan},
}
		
@article {MR2884331,
    AUTHOR = {Ayatollah Zadeh Shirazi, Fatemah and Golestani, Nasser},
     TITLE = {Functional {A}lexandroff spaces},
   JOURNAL = {Hacet. J. Math. Stat.},
  FJOURNAL = {Hacettepe Journal of Mathematics and Statistics},
    VOLUME = {40},
      YEAR = {2011},
    NUMBER = {4},
     PAGES = {515--522},
      ISSN = {1303-5010},
   MRCLASS = {54F05 (54C50 54F65)},
  MRNUMBER = {2884331 (2012i:54041)},
}
		
@article {MR2783141,
    AUTHOR = {Banaschewski, Bernhard and Gilmour, Christopher},
     TITLE = {Rings of continuous functions on {$\sigma$}-frames},
   JOURNAL = {Topology Appl.},
  FJOURNAL = {Topology and its Applications},
    VOLUME = {158},
      YEAR = {2011},
    NUMBER = {7},
     PAGES = {861--868},
      ISSN = {0166-8641},
     CODEN = {TIAPD9},
   MRCLASS = {54C30 (06F25 54H10)},
  MRNUMBER = {2783141 (2012d:54023)},
       DOI = {10.1016/j.topol.2011.01.006},
       URL = {http://dx.doi.org/10.1016/j.topol.2011.01.006},
}
		
@article {MR2768926,
    AUTHOR = {Dorsett, Charles},
     TITLE = {The number of {$R_0$} spaces on a finite set and a check
              for the total number of topologies},
   JOURNAL = {Far East J. Math. Sci. (FJMS)},
  FJOURNAL = {Far East Journal of Mathematical Sciences (FJMS)},
    VOLUME = {46},
      YEAR = {2010},
    NUMBER = {2},
     PAGES = {133--141},
      ISSN = {0972-0871},
   MRCLASS = {54A10 (54D10)},
  MRNUMBER = {2768926 (2011k:54002)},
}
		
@article {MR2740440,
    AUTHOR = {Mahdi, Hisham B.},
     TITLE = {Product of {A}lexandroff spaces},
   JOURNAL = {Int. J. Contemp. Math. Sci.},
  FJOURNAL = {International Journal of Contemporary Mathematical Sciences},
    VOLUME = {5},
      YEAR = {2010},
    NUMBER = {41-44},
     PAGES = {2037--2047},
      ISSN = {1312-7586},
   MRCLASS = {54F05 (54B10 54D10)},
  MRNUMBER = {2740440},
}
		
@article {MR2652956,
    AUTHOR = {Mahdi, Hisham and El-Mabhouh, Ahmed and Said, Nader},
     TITLE = {Dimension and continuity on {$T_0$}-{A}lexandroff spaces},
   JOURNAL = {Int. Math. Forum},
  FJOURNAL = {International Mathematical Forum. Journal for Theory and
              Applications},
    VOLUME = {5},
      YEAR = {2010},
    NUMBER = {21-24},
     PAGES = {1131--1140},
      ISSN = {1312-7594},
   MRCLASS = {54F05 (54F45)},
  MRNUMBER = {2652956},
}
		
@article {MR2656137,
    AUTHOR = {Dorsett, Charles},
     TITLE = {From observations and questions in introductory topology to
              some answers},
   JOURNAL = {Questions Answers Gen. Topology},
  FJOURNAL = {Questions and Answers in General Topology},
    VOLUME = {28},
      YEAR = {2010},
    NUMBER = {1},
     PAGES = {55--64},
      ISSN = {0918-4732},
   MRCLASS = {54A05 (54B05 54B10 54C10)},
  MRNUMBER = {2656137 (2011e:54002)},
}
		
@article {MR2601152,
    AUTHOR = {Kukie{\l}a, Micha{\l}Jerzy},
     TITLE = {On homotopy types of {A}lexandroff spaces},
   JOURNAL = {Order},
  FJOURNAL = {Order. A Journal on the Theory of Ordered Sets and its
              Applications},
    VOLUME = {27},
      YEAR = {2010},
    NUMBER = {1},
     PAGES = {9--21},
      ISSN = {0167-8094},
     CODEN = {ORDRE5},
   MRCLASS = {55P15 (06A06 54F05)},
  MRNUMBER = {2601152 (2011e:55014)},
MRREVIEWER = {Fernando Hern{\'a}ndez-Hern{\'a}ndez},
       DOI = {10.1007/s11083-009-9134-8},
       URL = {http://dx.doi.org/10.1007/s11083-009-9134-8},
}
		
@article {MR2437840,
    AUTHOR = {Baboolal, D. and Ghosh, Partha Pratim},
     TITLE = {A duality involving {B}orel spaces},
   JOURNAL = {J. Log. Algebr. Program.},
  FJOURNAL = {The Journal of Logic and Algebraic Programming},
    VOLUME = {76},
      YEAR = {2008},
    NUMBER = {2},
     PAGES = {209--215},
      ISSN = {1567-8326},
   MRCLASS = {06D22 (06D50 28A05 46A99 54H05)},
  MRNUMBER = {2437840 (2009f:06020)},
MRREVIEWER = {M. Mehdi Ebrahimi},
       DOI = {10.1016/j.jlap.2008.02.009},
       URL = {http://dx.doi.org/10.1016/j.jlap.2008.02.009},
}
		
@article {MR2309242,
    AUTHOR = {Matutu, Phethiwe},
     TITLE = {Bi-{A}lexandroff spaces},
   JOURNAL = {Quaest. Math.},
  FJOURNAL = {Quaestiones Mathematicae. Journal of the South African
              Mathematical Society},
    VOLUME = {30},
      YEAR = {2007},
    NUMBER = {1},
     PAGES = {57--65},
      ISSN = {1607-3606},
   MRCLASS = {54E55 (18A40 54C50)},
  MRNUMBER = {2309242 (2007m:54028)},
       DOI = {10.2989/160736007780205729},
       URL = {http://dx.doi.org/10.2989/160736007780205729},
}
		
@proceedings {MR2259823,
     TITLE = {First {C}onference on {M}athematical {S}ciences},
 BOOKTITLE = {Proceedings of the conference held at {Z}arqa {P}rivate
              {U}niversity, {Z}arka, {A}pril 18--20, 2006},
    EDITOR = {Shahwan, M. and Al-Rabai'ah, H.},
 PUBLISHER = {Zarqa Priv. Univ., Zarka},
      YEAR = {2006},
     PAGES = {xii+466},
   MRCLASS = {00B25},
  MRNUMBER = {2259823 (2007d:00008)},
}
		
@incollection {MR2234347,
    AUTHOR = {Mahdi, Hisham B. and Elatrash, Mohammed S.},
     TITLE = {Characterization of lower separation axioms in {$T_o$}-{A}lexandroff spaces},
 BOOKTITLE = {First {C}onference on {M}athematical {S}ciences},
     PAGES = {77--89},
 PUBLISHER = {Zarqu Priv. Univ., Zarka},
      YEAR = {2006},
   MRCLASS = {54D10 (54F05 54F65)},
  MRNUMBER = {2234347},
}
		
@incollection {MR2237808,
    AUTHOR = {Ern{\'e}, Marcel},
     TITLE = {Prime decomposition and pseudocomplementation},
 BOOKTITLE = {Contributions to general algebra. 17},
     PAGES = {83--104},
 PUBLISHER = {Heyn},
   ADDRESS = {Klagenfurt},
      YEAR = {2006},
   MRCLASS = {06D15 (03G05 06A12 06B23 06D22)},
  MRNUMBER = {2237808 (2007e:06014)},
MRREVIEWER = {Afrodita Iorgulescu},
}
		
@article {MR2357086,
    AUTHOR = {Fukutake, T. and Noiri, T. and Caldas, M. and Jafari, S.},
     TITLE = {An {A}lexandroff space defined by {$\delta$}-preopen sets},
   JOURNAL = {Bull. Fukuoka Univ. Ed. III},
  FJOURNAL = {Bulletin of Fukuoka University of Education. Part III.
              Mathematics, Natural Sciences and Technology},
    VOLUME = {54},
      YEAR = {2005},
     PAGES = {1--6},
      ISSN = {0532-811X},
     CODEN = {FKDNEF},
   MRCLASS = {54C08 (54D10)},
  MRNUMBER = {2357086 (2009a:54012)},
}
		
@article {MR2142139,
    AUTHOR = {Das, Pratulananda and Banerjee, Amar Kumar},
     TITLE = {Pairwise {B}orel and {B}aire measures in bispaces},
   JOURNAL = {Arch. Math. (Brno)},
  FJOURNAL = {Universitatis Masarykianae Brunensis. Facultas Scientiarum
              Naturalium. Archivum Mathematicum},
    VOLUME = {41},
      YEAR = {2005},
    NUMBER = {1},
     PAGES = {5--15},
      ISSN = {0044-8753},
   MRCLASS = {28C15 (28C99)},
  MRNUMBER = {2142139 (2006c:28011)},
MRREVIEWER = {W. A. J. Luxemburg},
}
		
@article {MR2032103,
    AUTHOR = {Das, Pratulananda and Rashid, Md. Mamun Ar.},
     TITLE = {{$g^*$}-closed sets and a new separation axiom in
              {A}lexandroff spaces},
   JOURNAL = {Arch. Math. (Brno)},
  FJOURNAL = {Universitatis Masarykianae Brunensis. Facultas Scientiarum
              Naturalium. Archivum Mathematicum},
    VOLUME = {39},
      YEAR = {2003},
    NUMBER = {4},
     PAGES = {299--307},
      ISSN = {0044-8753},
   MRCLASS = {54A05 (54C08 54D10)},
  MRNUMBER = {2032103 (2004j:54002)},
}
		
@article {MR1934385,
    AUTHOR = {Caterino, A. and Dimov, G. and Vipera, M. C.},
     TITLE = {{$A$}-compactifications and {$A$}-weight of {A}lexandroff
              spaces},
   JOURNAL = {Boll. Unione Mat. Ital. Sez. B Artic. Ric. Mat. (8)},
  FJOURNAL = {Bollettino della Unione Matematica Italiana. Serie VIII.
              Sezione B. Articoli di Ricerca Matematica},
    VOLUME = {5},
      YEAR = {2002},
    NUMBER = {3},
     PAGES = {839--858},
      ISSN = {0392-4041},
     CODEN = {BLUMAM},
   MRCLASS = {54D35 (54H05)},
  MRNUMBER = {1934385 (2003g:54058)},
MRREVIEWER = {Ronnie Levy},
}
		
@inproceedings {MR1906830,
    AUTHOR = {El-Fattah El-Atik, A. and Abd El-Monsef, M. E. and Lashin, E.
              I.},
     TITLE = {On finite {$T_0$} topological spaces},
 BOOKTITLE = {Proceedings of the {N}inth {P}rague {T}opological {S}ymposium
              (2001)},
     PAGES = {75--90},
 PUBLISHER = {Topol. Atlas, North Bay, ON},
      YEAR = {2002},
   MRCLASS = {54D10 (54A05 54D30)},
  MRNUMBER = {1906830 (2003f:54044)},
}
		
@article {MR1711071,
    AUTHOR = {Arenas, F. G.},
     TITLE = {Alexandroff spaces},
   JOURNAL = {Acta Math. Univ. Comenian. (N.S.)},
  FJOURNAL = {Acta Mathematica Universitatis Comenianae. New Series},
    VOLUME = {68},
      YEAR = {1999},
    NUMBER = {1},
     PAGES = {17--25},
      ISSN = {0862-9544},
   MRCLASS = {54D99 (54E15 54E50)},
  MRNUMBER = {1711071 (2000i:54028)},
MRREVIEWER = {V. J. Mancuso},
}
		
@article {MR1617820,
    AUTHOR = {Arenas, Francisco G. and Dontchev, Julian and Ganster,
              Maximilian},
     TITLE = {On some weaker forms of {A}lexandroff spaces},
   JOURNAL = {Arab. J. Sci. Eng. Sect. A Sci.},
  FJOURNAL = {The Arabian Journal for Science and Engineering. Section A.
              Sciences},
    VOLUME = {23},
      YEAR = {1998},
    NUMBER = {1},
     PAGES = {79--89},
      ISSN = {1319-8025},
   MRCLASS = {54G05 (54G10 54H05)},
  MRNUMBER = {1617820 (99b:54056)},
}
		
@article {MR1197193,
    AUTHOR = {Matier, J. and McMaster, T. B. M.},
     TITLE = {Minimal countable spaces and anti-properties},
      NOTE = {V International Meeting on Topology in Italy (Italian) (Lecce,
              1990/Otranto, 1990)},
   JOURNAL = {Rend. Circ. Mat. Palermo (2) Suppl.},
  FJOURNAL = {Rendiconti del Circolo Matematico di Palermo. Serie II.
              Supplemento},
    NUMBER = {29},
      YEAR = {1992},
     PAGES = {553--561},
   MRCLASS = {54A25 (54A10)},
  MRNUMBER = {1197193 (94a:54010b)},
MRREVIEWER = {Paul R. Meyer},
}
		
@article {MR1197187,
    AUTHOR = {James, I. M.},
     TITLE = {Alexandroff spaces},
      NOTE = {V International Meeting on Topology in Italy (Italian) (Lecce,
              1990/Otranto, 1990)},
   JOURNAL = {Rend. Circ. Mat. Palermo (2) Suppl.},
  FJOURNAL = {Rendiconti del Circolo Matematico di Palermo. Serie II.
              Supplemento},
    NUMBER = {29},
      YEAR = {1992},
     PAGES = {475--481},
   MRCLASS = {54D99 (54E15)},
  MRNUMBER = {1197187 (94g:54020)},
}
		
@proceedings {MR1197163,
     TITLE = {V {C}onvegno {I}nternazionale di {T}opologia in {I}talia},
 BOOKTITLE = {Proceedings of the meeting held in {L}ecce and {O}tranto,
              {S}eptember 17--21, 1990},
      NOTE = {Rend. Circ. Mat. Palermo (2) Suppl. No. 29 (1992)},
 PUBLISHER = {Circolo Matematico di Palermo},
   ADDRESS = {Palermo},
      YEAR = {1992},
     PAGES = {3--603},
   MRCLASS = {54-06 (00B25)},
  MRNUMBER = {1197163 (93g:54001)},
}
		
@book {MR814494,
    AUTHOR = {Gilmour, Christopher R. A.},
     TITLE = {Realcompact {A}lexandroff spaces and regular
              {$\sigma$}-frames},
    SERIES = {Mathematical Monographs of the University of Cape Town},
    VOLUME = {3},
 PUBLISHER = {University of Cape Town Department of Mathematics},
   ADDRESS = {Cape Town},
      YEAR = {1985},
     PAGES = {viii+103},
      ISBN = {0-7992-0969-4},
   MRCLASS = {54D60 (54A05 54C35)},
  MRNUMBER = {814494 (88a:54064)},
}
		
@article {MR0039984,
    AUTHOR = {Votavov{\'a}, Libu{\v{s}}e},
     TITLE = {Conditions of compactness for {A}lexandroff's space {$\alpha
              P$} },
   JOURNAL = {Acta Fac. Nat. Univ. Carol., Prague},
    VOLUME = {1948},
      YEAR = {1948},
    NUMBER = {194},
     PAGES = {29--33},
   MRCLASS = {56.0X},
  MRNUMBER = {0039984 (12,626f)},
MRREVIEWER = {R. Arens},
}
		
@article {MR0004750,
    AUTHOR = {Gibert, Armando and Ribeiro, Hugo},
     TITLE = {Quelques propri\'et\'es des espaces {$(Cf)$}},
   JOURNAL = {Portugaliae Math.},
    VOLUME = {2},
      YEAR = {1941},
     PAGES = {110--120},
   MRCLASS = {56.0X},
  MRNUMBER = {0004750 (3,56c)},
MRREVIEWER = {J. F. Randolph},
}


@book{hallett2004david,
  title={David Hilbert's lectures on the foundations of geometry, 1891-1902},
  author={Hallett, M. and Majer, U.},
  volume={1},
  year={2004},
  publisher={Springer}
}

@book{mendelson1997introduction,
  title={Introduction to mathematical logic},
  author={Mendelson, E.},
  year={1997},
  publisher={Chapman \& Hall/CRC}
}

@incollection {MR875696,
    AUTHOR = {Melton, A. and Schmidt, D. A. and Strecker, G. E.},
     TITLE = {Galois connections and computer science applications},
 BOOKTITLE = {Category theory and computer programming ({G}uildford, 1985)},
    SERIES = {Lecture Notes in Comput. Sci.},
    VOLUME = {240},
     PAGES = {299--312},
 PUBLISHER = {Springer, Berlin},
      YEAR = {1986},
   MRCLASS = {68Q55 (06A15 18B20 68Q65)},
  MRNUMBER = {875696 (88h:68059)},
MRREVIEWER = {Richard Draper},
       DOI = {10.1007/3-540-17162-2_130},
}


@article{oystein1944galois,
  title={Galois connections},
  author={Oystein, O.},
  journal={Trans. Amer. Math. Soc},
  volume={55},
  pages={494--513},
  year={1944}
}


@incollection {MR2906964,
    AUTHOR = {Materna, Pavel},
     TITLE = {A notion of concept is either superfluous or procedural},
 BOOKTITLE = {The logica yearbook 2010},
     PAGES = {125--142},
 PUBLISHER = {Coll. Publ., London},
      YEAR = {2011},
   MRCLASS = {03A05},
  MRNUMBER = {2906964},
}
				
@incollection {MR1607587,
    AUTHOR = {Materna, P.},
     TITLE = {The concept of a concept},
 BOOKTITLE = {Logical investigations, {N}o.\ 2 ({R}ussian)},
     PAGES = {82--89},
 PUBLISHER = {``Nauka''},
   ADDRESS = {Moscow},
      YEAR = {1993},
   MRCLASS = {03A05},
  MRNUMBER = {1607587},
}
		
@incollection {MR0535749,
    AUTHOR = {Materna, P.},
     TITLE = {Truth and formal consistency of an empirical theory and the
              concept of meaning},
 BOOKTITLE = {Philosophy and logic ({R}ussian)},
     PAGES = {147--155},
 PUBLISHER = {Nauka},
   ADDRESS = {Moscow},
      YEAR = {1974},
   MRCLASS = {02B99 (02A05 02G99)},
  MRNUMBER = {0535749 (58 \#27300)},
}
		
@article {MR0215715,
    AUTHOR = {Tich{\'y}, Pavel},
     TITLE = {A remark on the concept of problem and solvability},
   JOURNAL = {Kybernetika (Prague)},
  FJOURNAL = {Kybernetika},
    VOLUME = {3},
      YEAR = {1967},
     PAGES = {105--109},
      ISSN = {0023-5954},
   MRCLASS = {02.70},
  MRNUMBER = {0215715 (35 \#6550)},
}

@incollection {MR1279843,
    AUTHOR = {Moschovakis, Yiannis N.},
     TITLE = {Sense and denotation as algorithm and value},
 BOOKTITLE = {Logic {C}olloquium '90 ({H}elsinki, 1990)},
    SERIES = {Lecture Notes Logic},
    VOLUME = {2},
     PAGES = {210--249},
 PUBLISHER = {Springer},
   ADDRESS = {Berlin},
      YEAR = {1993},
   MRCLASS = {03D80 (03A05 03B10 03B45 03B65 03D75)},
  MRNUMBER = {1279843 (95e:03136)},
MRREVIEWER = {Roman Murawski},
}





@incollection {MR1964879,
    AUTHOR = {Backhouse, Roland},
     TITLE = {Galois connections and fixed point calculus},
 BOOKTITLE = {Algebraic and coalgebraic methods in the mathematics of
              program construction ({O}xford, 2000)},
    SERIES = {Lecture Notes in Comput. Sci.},
    VOLUME = {2297},
     PAGES = {89--148},
 PUBLISHER = {Springer},
   ADDRESS = {Berlin},
      YEAR = {2002},
   MRCLASS = {68Q65 (06A15 18C50 68Q60)},
  MRNUMBER = {1964879},
       DOI = {10.1007/3-540-47797-7_4},
}
		
@article {MR1645667,
    AUTHOR = {Backhouse, Roland},
     TITLE = {Pair algebras and {G}alois connections},
   JOURNAL = {Inform. Process. Lett.},
  FJOURNAL = {Information Processing Letters},
    VOLUME = {67},
      YEAR = {1998},
    NUMBER = {4},
     PAGES = {169--175},
      ISSN = {0020-0190},
     CODEN = {IFPLAT},
   MRCLASS = {06A15 (06A06 68Q99)},
  MRNUMBER = {1645667 (99g:06008)},
MRREVIEWER = {Josef Niederle},
       DOI = {10.1016/S0020-0190(98)00107-0},
}
		
@article {MR1454586,
    AUTHOR = {Doornbos, Henk and Backhouse, Roland and van der Woude, Jaap},
     TITLE = {A calculational approach to mathematical induction},
   JOURNAL = {Theoret. Comput. Sci.},
  FJOURNAL = {Theoretical Computer Science},
    VOLUME = {179},
      YEAR = {1997},
    NUMBER = {1-2},
     PAGES = {103--135},
      ISSN = {0304-3975},
     CODEN = {TCSDI},
   MRCLASS = {68Q60 (03G15 04A05 06A15)},
  MRNUMBER = {1454586 (98i:68187)},
MRREVIEWER = {D. Rosenblatt},
       DOI = {10.1016/S0304-3975(96)00154-5},
}




@book {MR1712872,
    AUTHOR = {Mac Lane, Saunders},
     TITLE = {Categories for the working mathematician},
    SERIES = {Graduate Texts in Mathematics},
    VOLUME = {5},
   EDITION = {Second},
 PUBLISHER = {Springer-Verlag},
   ADDRESS = {New York},
      YEAR = {1998},
     PAGES = {xii+314},
      ISBN = {0-387-98403-8},
   MRCLASS = {18-02},
  MRNUMBER = {1712872 (2001j:18001)},
}


@book {MR1890980,
     TITLE = {From {F}rege to {G}\"odel},
    EDITOR = {van Heijenoort, Jean},
      NOTE = {A source book in mathematical logic, 1879--1931,
              Reprint of the third printing of the 1967 original},
 PUBLISHER = {Harvard University Press},
   ADDRESS = {Cambridge, MA},
      YEAR = {2002},
     PAGES = {xii+665},
      ISBN = {0-674-32449-8},
}
	
	
@article {MR1557926,
    AUTHOR = {Hilbert, David},
     TITLE = {Mathematical problems},
   JOURNAL = {Bull. Amer. Math. Soc.},
  FJOURNAL = {Bulletin of the American Mathematical Society},
    VOLUME = {8},
      YEAR = {1902},
    NUMBER = {10},
     PAGES = {437--479},
      ISSN = {0002-9904},
   MRCLASS = {Contributed Item},
  MRNUMBER = {1557926},
       DOI = {10.1090/S0002-9904-1902-00923-3},
       URL = {http://dx.doi.org/10.1090/S0002-9904-1902-00923-3},
}

@article{godel1951some,
  title={Some basic theorems on the foundations of mathematics and their implications},
  author={G{\"o}del, K.},
  journal={Collected works},
  volume={3},
  pages={304--323},
  year={1951}
}

@inproceedings{Buchberger:1983:CAF:648043.745042,
 author = {Buchberger, Bruno},
 title = {A critical-pair/completion algorithm for finitely generated ideals in rings},
 booktitle = {Proceedings of the Symposium "Rekursive Kombinatorik" on Logic and Machines: Decision Problems and Complexity},
 year = {1984},
 isbn = {3-540-13331-3},
 pages = {137--161},
 numpages = {25},
 url = {http://dl.acm.org/citation.cfm?id=648043.745042},
 acmid = {745042},
 publisher = {Springer-Verlag},
 address = {London, UK, UK},
} 

@article{ono1957set,
  title={A set theory founded on unique generating principle},
  author={Ono, K.},
  journal={Nagoya Mathematical Journal},
  volume={12},
  pages={151--159},
  year={1957},
  publisher={Editorial Board, Nagoya Mathematical Journal}
}

@article{newman1942theories,
  title={On Theories with a Combinatorial Definition of ``Equivalence"},
  author={Newman, M.H.A.},
  journal={The Annals of Mathematics},
  volume={43},
  number={2},
  pages={223--243},
  year={1942},
  publisher={JSTOR}
}

@article{buchberger1983criterion,
  title={A criterion for eliminating unnecessary reductions in the Knuth--Bendix algorithm},
  author={Buchberger, B. and Winkler, F.},
  journal={Algebra, Comb. Logic Comput. Sci},
  volume={42},
  pages={849--869},
  year={1983}
}

@article{huet1980confluent,
  title={Confluent reductions: Abstract properties and applications to term rewriting systems: Abstract properties and applications to term rewriting systems},
  author={Huet, G.},
  journal={Journal of the ACM (JACM)},
  volume={27},
  number={4},
  pages={797--821},
  year={1980},
  publisher={ACM}
}

@article{church1936some,
  title={Some properties of conversion},
  author={Church, A. and Rosser, J.B.},
  journal={Transactions of the American Mathematical Society},
  volume={39},
  number={3},
  pages={472--482},
  year={1936},
  publisher={JSTOR}
}

@article{wg1993,
title={Groebner bases: a computational approach to commutative algebra},
author={Weispfenning, V. and Becker, T. and Kredel, H.},
journal={Graduate Texts in Mathematics. Springer-Verlag}, 
year={1993}
  }


@article{attewell1998florence,
  title={Florence Nightingale (1820--1910)},
  author={Attewell, A.},
  journal={Prospects},
  volume={28},
  number={1},
  pages={151--166},
  year={1998},
  publisher={Springer}
}



@book{adler1995theory,
  title={The theory of numbers: A text and source book of problems},
  author={Adler, A. and Coury, J.E.},
  year={1995},
  publisher={Jones and Bartlett}
}

@book{andreescu2009number,
  title={Number theory: structures, examples, and problems},
  author={Andreescu, T. and Andrica, D.},
  year={2009},
  publisher={Springer}
}

@book{bolker1970elementary,
  title={Elementary number theory: an algebraic approach},
  author={Bolker, E.D.},
  year={1970},
  publisher={WA Benjamin}
}

@book{burn1997pathway,
  title={A pathway into number theory},
  author={Burn, R.P.},
  year={1997},
  publisher={Cambridge Univ Pr}
}

@book{cohen1993course,
  title={A course in computational algebraic number theory},
  author={Cohen, H.},
  volume={138},
  year={1993},
  publisher={Springer}
}

@book{eynden2001elementary,
  title={Elementary number theory},
  author={Eynden, C.V.},
  year={2001},
  publisher={McGraw-Hill}
}

@book{dudley1969elementary,
  title={Elementary number theory},
  author={Dudley, U.},
  year={1969},
  publisher={WH Freeman}
}

@book{everest2005introduction,
  title={An introduction to number theory},
  author={Everest, G. and Ward, T.},
  year={2005},
  publisher={Springer Verlag}
}

@book{griffin1954elementary,
  title={Elementary theory of numbers},
  author={Griffin, H.},
  year={1954},
  publisher={McGraw-Hill}
}

@book{leveque1996fundamentals,
  title={Fundamentals of number theory},
  author={LeVeque, W.J.},
  year={1996},
  publisher={Dover Pubns}
}

@book{robbins2006beginning,
  title={Beginning number theory},
  author={Robbins, N.},
  year={2006},
  publisher={Jones \& Bartlett Learning}
}

@book{ireland1990classical,
  title={A classical introduction to modern number theory},
  author={Ireland, K.F. and Rosen, M.I.},
  volume={84},
  year={1990},
  publisher={Springer}
}

@book{tattersall2005elementary,
  title={Elementary number theory in nine chapters},
  author={Tattersall, J.J.},
  year={2005},
  publisher={Cambridge Univ Pr}
}


@article{ore1942theory,
  title={Theory of equivalence relations},
  author={Ore, O.},
  journal={Duke Mathematical Journal},
  volume={9},
  number={3},
  pages={573--627},
  year={1942},
  publisher={Duke University Press}
}

@article {MR0308008,
    AUTHOR = {Morgado, Jos{\'e}},
     TITLE = {A single axiom for equivalence relations},
   JOURNAL = {Gaz. Mat. (Lisboa)},
  FJOURNAL = {Gazeta de Matem\'atica},
    VOLUME = {30},
      YEAR = {1969},
    NUMBER = {113-116},
     PAGES = {15--16},
      ISSN = {0373-2681},
   MRCLASS = {08A05},
  MRNUMBER = {0308008 (46 \#7123)},
MRREVIEWER = {M. Kolibiar},
}

@book{9780023607202,
  Author = {Richard Johnsonbaugh},
  Title = {Discrete Mathematics (Revised Edition)},
  Publisher = {Macmillan USA},
  Year = {1986},
  ISBN = {0023607203},
  URL = {http://www.amazon.com/Discrete-Mathematics-Revised-Edition-Johnsonbaugh/dp/0023607203}
}

@article{post1943formal,
  title={Formal reductions of the general combinatorial decision problem},
  author={Post, E.L.},
  journal={American journal of mathematics},
  volume={65},
  number={2},
  pages={197-215},
  year={1943},
  publisher={JSTOR}
}

@article{chomsky1956three,
  title={Three models for the description of language},
  author={Chomsky, N.},
  journal={Information Theory, IRE Transactions on},
  volume={2},
  number={3},
  pages={113--124},
  year={1956},
  publisher={IEEE}
}

@article{chomsky1963formal,
title={Formal properties of grammars},
author={Chomsky, N.},
year={1963},
publisher={Wiley}
}

@article{chomsky1959certain,
  title={On certain formal properties of grammars},
  author={Chomsky, N.},
  journal={Information and control},
  volume={2},
  number={2},
  pages={137--167},
  year={1959},
  publisher={Elsevier}
}

@book{chomsky1965aspects,
  title={Aspects of the Theory of Syntax},
  author={Chomsky, N.},
  volume={119},
  year={1965},
  publisher={MIT Press (MA)}
}

@book{0521779200,
  Author = {Franz Baader and Tobias Nipkow},
  Title = {Term Rewriting and All That},
  Publisher = {Cambridge University Press},
  Year = {1999},
  ISBN = {0521779200}
}

@incollection {MR0077479,
    AUTHOR = {von Neumann, J.},
     TITLE = {Probabilistic logics and the synthesis of reliable organisms
              from unreliable components},
 BOOKTITLE = {Automata studies},
    SERIES = {Annals of mathematics studies, no. 34},
     PAGES = {43--98},
 PUBLISHER = {Princeton University Press, Princeton, N. J.},
      YEAR = {1956},
   MRCLASS = {02.0X},
  MRNUMBER = {0077479},
MRREVIEWER = {C. Y. Lee},
}

@article {MR2768390,
    AUTHOR = {Du{\v{z}}{\'{\i}}, Marie and Materna, Pavel},
     TITLE = {Can concepts be defined in terms of sets?},
   JOURNAL = {Logic Log. Philos.},
  FJOURNAL = {Logic and Logical Philosophy},
    VOLUME = {19},
      YEAR = {2010},
    NUMBER = {3},
     PAGES = {195--242},
      ISSN = {1425-3305},
   MRCLASS = {03A05},
  MRNUMBER = {2768390 (2011k:03011)},
}

@article{alexandroff1937diskrete,
  title={Diskrete r{\"a}ume},
  author={Alexandroff, P.},
  journal={Mat. Sb.(NS)},
  volume={2},
  pages={501--518},
  year={1937}
}







@article {MR2842744,
    AUTHOR = {Rose, David and Scible, Gregg and Walsh, Danielle},
     TITLE = {Alexandroff spaces},
   JOURNAL = {J. Adv. Stud. Topol.},
  FJOURNAL = {Journal of Advanced Studies in Topology},
    VOLUME = {3},
      YEAR = {2012},
    NUMBER = {1},
     PAGES = {31--43},
      ISSN = {2090-388X},
   MRCLASS = {54D10 (54A10 54D30 54F05 54G15)},
  MRNUMBER = {2842744 (2012j:54041)},
MRREVIEWER = {J. E. Vaughan},
}
		
@article {MR2884331,
    AUTHOR = {Ayatollah Zadeh Shirazi, Fatemah and Golestani, Nasser},
     TITLE = {Functional {A}lexandroff spaces},
   JOURNAL = {Hacet. J. Math. Stat.},
  FJOURNAL = {Hacettepe Journal of Mathematics and Statistics},
    VOLUME = {40},
      YEAR = {2011},
    NUMBER = {4},
     PAGES = {515--522},
      ISSN = {1303-5010},
   MRCLASS = {54F05 (54C50 54F65)},
  MRNUMBER = {2884331 (2012i:54041)},
}
		
@article {MR2783141,
    AUTHOR = {Banaschewski, Bernhard and Gilmour, Christopher},
     TITLE = {Rings of continuous functions on {$\sigma$}-frames},
   JOURNAL = {Topology Appl.},
  FJOURNAL = {Topology and its Applications},
    VOLUME = {158},
      YEAR = {2011},
    NUMBER = {7},
     PAGES = {861--868},
      ISSN = {0166-8641},
     CODEN = {TIAPD9},
   MRCLASS = {54C30 (06F25 54H10)},
  MRNUMBER = {2783141 (2012d:54023)},
       DOI = {10.1016/j.topol.2011.01.006},
       URL = {http://dx.doi.org/10.1016/j.topol.2011.01.006},
}
		
@article {MR2768926,
    AUTHOR = {Dorsett, Charles},
     TITLE = {The number of {$R_0$} spaces on a finite set and a check
              for the total number of topologies},
   JOURNAL = {Far East J. Math. Sci. (FJMS)},
  FJOURNAL = {Far East Journal of Mathematical Sciences (FJMS)},
    VOLUME = {46},
      YEAR = {2010},
    NUMBER = {2},
     PAGES = {133--141},
      ISSN = {0972-0871},
   MRCLASS = {54A10 (54D10)},
  MRNUMBER = {2768926 (2011k:54002)},
}
		
@article {MR2740440,
    AUTHOR = {Mahdi, Hisham B.},
     TITLE = {Product of {A}lexandroff spaces},
   JOURNAL = {Int. J. Contemp. Math. Sci.},
  FJOURNAL = {International Journal of Contemporary Mathematical Sciences},
    VOLUME = {5},
      YEAR = {2010},
    NUMBER = {41-44},
     PAGES = {2037--2047},
      ISSN = {1312-7586},
   MRCLASS = {54F05 (54B10 54D10)},
  MRNUMBER = {2740440},
}
		
@article {MR2652956,
    AUTHOR = {Mahdi, Hisham and El-Mabhouh, Ahmed and Said, Nader},
     TITLE = {Dimension and continuity on {$T_0$}-{A}lexandroff spaces},
   JOURNAL = {Int. Math. Forum},
  FJOURNAL = {International Mathematical Forum. Journal for Theory and
              Applications},
    VOLUME = {5},
      YEAR = {2010},
    NUMBER = {21-24},
     PAGES = {1131--1140},
      ISSN = {1312-7594},
   MRCLASS = {54F05 (54F45)},
  MRNUMBER = {2652956},
}
		
@article {MR2656137,
    AUTHOR = {Dorsett, Charles},
     TITLE = {From observations and questions in introductory topology to
              some answers},
   JOURNAL = {Questions Answers Gen. Topology},
  FJOURNAL = {Questions and Answers in General Topology},
    VOLUME = {28},
      YEAR = {2010},
    NUMBER = {1},
     PAGES = {55--64},
      ISSN = {0918-4732},
   MRCLASS = {54A05 (54B05 54B10 54C10)},
  MRNUMBER = {2656137 (2011e:54002)},
}
		
@article {MR2601152,
    AUTHOR = {Kukie{\l}a, Micha{\l}Jerzy},
     TITLE = {On homotopy types of {A}lexandroff spaces},
   JOURNAL = {Order},
  FJOURNAL = {Order. A Journal on the Theory of Ordered Sets and its
              Applications},
    VOLUME = {27},
      YEAR = {2010},
    NUMBER = {1},
     PAGES = {9--21},
      ISSN = {0167-8094},
     CODEN = {ORDRE5},
   MRCLASS = {55P15 (06A06 54F05)},
  MRNUMBER = {2601152 (2011e:55014)},
MRREVIEWER = {Fernando Hern{\'a}ndez-Hern{\'a}ndez},
       DOI = {10.1007/s11083-009-9134-8},
       URL = {http://dx.doi.org/10.1007/s11083-009-9134-8},
}
		
@article {MR2437840,
    AUTHOR = {Baboolal, D. and Ghosh, Partha Pratim},
     TITLE = {A duality involving {B}orel spaces},
   JOURNAL = {J. Log. Algebr. Program.},
  FJOURNAL = {The Journal of Logic and Algebraic Programming},
    VOLUME = {76},
      YEAR = {2008},
    NUMBER = {2},
     PAGES = {209--215},
      ISSN = {1567-8326},
   MRCLASS = {06D22 (06D50 28A05 46A99 54H05)},
  MRNUMBER = {2437840 (2009f:06020)},
MRREVIEWER = {M. Mehdi Ebrahimi},
       DOI = {10.1016/j.jlap.2008.02.009},
       URL = {http://dx.doi.org/10.1016/j.jlap.2008.02.009},
}
		
@article {MR2309242,
    AUTHOR = {Matutu, Phethiwe},
     TITLE = {Bi-{A}lexandroff spaces},
   JOURNAL = {Quaest. Math.},
  FJOURNAL = {Quaestiones Mathematicae. Journal of the South African
              Mathematical Society},
    VOLUME = {30},
      YEAR = {2007},
    NUMBER = {1},
     PAGES = {57--65},
      ISSN = {1607-3606},
   MRCLASS = {54E55 (18A40 54C50)},
  MRNUMBER = {2309242 (2007m:54028)},
       DOI = {10.2989/160736007780205729},
       URL = {http://dx.doi.org/10.2989/160736007780205729},
}
		
@proceedings {MR2259823,
     TITLE = {First {C}onference on {M}athematical {S}ciences},
 BOOKTITLE = {Proceedings of the conference held at {Z}arqa {P}rivate
              {U}niversity, {Z}arka, {A}pril 18--20, 2006},
    EDITOR = {Shahwan, M. and Al-Rabai'ah, H.},
 PUBLISHER = {Zarqa Priv. Univ., Zarka},
      YEAR = {2006},
     PAGES = {xii+466},
   MRCLASS = {00B25},
  MRNUMBER = {2259823 (2007d:00008)},
}
		
@incollection {MR2234347,
    AUTHOR = {Mahdi, Hisham B. and Elatrash, Mohammed S.},
     TITLE = {Characterization of lower separation axioms in {$T_o$}-{A}lexandroff spaces},
 BOOKTITLE = {First {C}onference on {M}athematical {S}ciences},
     PAGES = {77--89},
 PUBLISHER = {Zarqu Priv. Univ., Zarka},
      YEAR = {2006},
   MRCLASS = {54D10 (54F05 54F65)},
  MRNUMBER = {2234347},
}
		
@incollection {MR2237808,
    AUTHOR = {Ern{\'e}, Marcel},
     TITLE = {Prime decomposition and pseudocomplementation},
 BOOKTITLE = {Contributions to general algebra. 17},
     PAGES = {83--104},
 PUBLISHER = {Heyn},
   ADDRESS = {Klagenfurt},
      YEAR = {2006},
   MRCLASS = {06D15 (03G05 06A12 06B23 06D22)},
  MRNUMBER = {2237808 (2007e:06014)},
MRREVIEWER = {Afrodita Iorgulescu},
}
		
@article {MR2357086,
    AUTHOR = {Fukutake, T. and Noiri, T. and Caldas, M. and Jafari, S.},
     TITLE = {An {A}lexandroff space defined by {$\delta$}-preopen sets},
   JOURNAL = {Bull. Fukuoka Univ. Ed. III},
  FJOURNAL = {Bulletin of Fukuoka University of Education. Part III.
              Mathematics, Natural Sciences and Technology},
    VOLUME = {54},
      YEAR = {2005},
     PAGES = {1--6},
      ISSN = {0532-811X},
     CODEN = {FKDNEF},
   MRCLASS = {54C08 (54D10)},
  MRNUMBER = {2357086 (2009a:54012)},
}
		
@article {MR2142139,
    AUTHOR = {Das, Pratulananda and Banerjee, Amar Kumar},
     TITLE = {Pairwise {B}orel and {B}aire measures in bispaces},
   JOURNAL = {Arch. Math. (Brno)},
  FJOURNAL = {Universitatis Masarykianae Brunensis. Facultas Scientiarum
              Naturalium. Archivum Mathematicum},
    VOLUME = {41},
      YEAR = {2005},
    NUMBER = {1},
     PAGES = {5--15},
      ISSN = {0044-8753},
   MRCLASS = {28C15 (28C99)},
  MRNUMBER = {2142139 (2006c:28011)},
MRREVIEWER = {W. A. J. Luxemburg},
}
		
@article {MR2032103,
    AUTHOR = {Das, Pratulananda and Rashid, Md. Mamun Ar.},
     TITLE = {{$g^*$}-closed sets and a new separation axiom in
              {A}lexandroff spaces},
   JOURNAL = {Arch. Math. (Brno)},
  FJOURNAL = {Universitatis Masarykianae Brunensis. Facultas Scientiarum
              Naturalium. Archivum Mathematicum},
    VOLUME = {39},
      YEAR = {2003},
    NUMBER = {4},
     PAGES = {299--307},
      ISSN = {0044-8753},
   MRCLASS = {54A05 (54C08 54D10)},
  MRNUMBER = {2032103 (2004j:54002)},
}
		
@article {MR1934385,
    AUTHOR = {Caterino, A. and Dimov, G. and Vipera, M. C.},
     TITLE = {{$A$}-compactifications and {$A$}-weight of {A}lexandroff
              spaces},
   JOURNAL = {Boll. Unione Mat. Ital. Sez. B Artic. Ric. Mat. (8)},
  FJOURNAL = {Bollettino della Unione Matematica Italiana. Serie VIII.
              Sezione B. Articoli di Ricerca Matematica},
    VOLUME = {5},
      YEAR = {2002},
    NUMBER = {3},
     PAGES = {839--858},
      ISSN = {0392-4041},
     CODEN = {BLUMAM},
   MRCLASS = {54D35 (54H05)},
  MRNUMBER = {1934385 (2003g:54058)},
MRREVIEWER = {Ronnie Levy},
}
		
@inproceedings {MR1906830,
    AUTHOR = {El-Fattah El-Atik, A. and Abd El-Monsef, M. E. and Lashin, E.
              I.},
     TITLE = {On finite {$T_0$} topological spaces},
 BOOKTITLE = {Proceedings of the {N}inth {P}rague {T}opological {S}ymposium
              (2001)},
     PAGES = {75--90},
 PUBLISHER = {Topol. Atlas, North Bay, ON},
      YEAR = {2002},
   MRCLASS = {54D10 (54A05 54D30)},
  MRNUMBER = {1906830 (2003f:54044)},
}
		
@article {MR1711071,
    AUTHOR = {Arenas, F. G.},
     TITLE = {Alexandroff spaces},
   JOURNAL = {Acta Math. Univ. Comenian. (N.S.)},
  FJOURNAL = {Acta Mathematica Universitatis Comenianae. New Series},
    VOLUME = {68},
      YEAR = {1999},
    NUMBER = {1},
     PAGES = {17--25},
      ISSN = {0862-9544},
   MRCLASS = {54D99 (54E15 54E50)},
  MRNUMBER = {1711071 (2000i:54028)},
MRREVIEWER = {V. J. Mancuso},
}
		
@article {MR1617820,
    AUTHOR = {Arenas, Francisco G. and Dontchev, Julian and Ganster,
              Maximilian},
     TITLE = {On some weaker forms of {A}lexandroff spaces},
   JOURNAL = {Arab. J. Sci. Eng. Sect. A Sci.},
  FJOURNAL = {The Arabian Journal for Science and Engineering. Section A.
              Sciences},
    VOLUME = {23},
      YEAR = {1998},
    NUMBER = {1},
     PAGES = {79--89},
      ISSN = {1319-8025},
   MRCLASS = {54G05 (54G10 54H05)},
  MRNUMBER = {1617820 (99b:54056)},
}
		
@article {MR1197193,
    AUTHOR = {Matier, J. and McMaster, T. B. M.},
     TITLE = {Minimal countable spaces and anti-properties},
      NOTE = {V International Meeting on Topology in Italy (Italian) (Lecce,
              1990/Otranto, 1990)},
   JOURNAL = {Rend. Circ. Mat. Palermo (2) Suppl.},
  FJOURNAL = {Rendiconti del Circolo Matematico di Palermo. Serie II.
              Supplemento},
    NUMBER = {29},
      YEAR = {1992},
     PAGES = {553--561},
   MRCLASS = {54A25 (54A10)},
  MRNUMBER = {1197193 (94a:54010b)},
MRREVIEWER = {Paul R. Meyer},
}
		
@article {MR1197187,
    AUTHOR = {James, I. M.},
     TITLE = {Alexandroff spaces},
      NOTE = {V International Meeting on Topology in Italy (Italian) (Lecce,
              1990/Otranto, 1990)},
   JOURNAL = {Rend. Circ. Mat. Palermo (2) Suppl.},
  FJOURNAL = {Rendiconti del Circolo Matematico di Palermo. Serie II.
              Supplemento},
    NUMBER = {29},
      YEAR = {1992},
     PAGES = {475--481},
   MRCLASS = {54D99 (54E15)},
  MRNUMBER = {1197187 (94g:54020)},
}
		
@proceedings {MR1197163,
     TITLE = {V {C}onvegno {I}nternazionale di {T}opologia in {I}talia},
 BOOKTITLE = {Proceedings of the meeting held in {L}ecce and {O}tranto,
              {S}eptember 17--21, 1990},
      NOTE = {Rend. Circ. Mat. Palermo (2) Suppl. No. 29 (1992)},
 PUBLISHER = {Circolo Matematico di Palermo},
   ADDRESS = {Palermo},
      YEAR = {1992},
     PAGES = {3--603},
   MRCLASS = {54-06 (00B25)},
  MRNUMBER = {1197163 (93g:54001)},
}
		
@book {MR814494,
    AUTHOR = {Gilmour, Christopher R. A.},
     TITLE = {Realcompact {A}lexandroff spaces and regular
              {$\sigma$}-frames},
    SERIES = {Mathematical Monographs of the University of Cape Town},
    VOLUME = {3},
 PUBLISHER = {University of Cape Town Department of Mathematics},
   ADDRESS = {Cape Town},
      YEAR = {1985},
     PAGES = {viii+103},
      ISBN = {0-7992-0969-4},
   MRCLASS = {54D60 (54A05 54C35)},
  MRNUMBER = {814494 (88a:54064)},
}
		
@article {MR0039984,
    AUTHOR = {Votavov{\'a}, Libu{\v{s}}e},
     TITLE = {Conditions of compactness for {A}lexandroff's space {$\alpha
              P$} },
   JOURNAL = {Acta Fac. Nat. Univ. Carol., Prague},
    VOLUME = {1948},
      YEAR = {1948},
    NUMBER = {194},
     PAGES = {29--33},
   MRCLASS = {56.0X},
  MRNUMBER = {0039984 (12,626f)},
MRREVIEWER = {R. Arens},
}
		
@article {MR0004750,
    AUTHOR = {Gibert, Armando and Ribeiro, Hugo},
     TITLE = {Quelques propri\'et\'es des espaces {$(Cf)$}},
   JOURNAL = {Portugaliae Math.},
    VOLUME = {2},
      YEAR = {1941},
     PAGES = {110--120},
   MRCLASS = {56.0X},
  MRNUMBER = {0004750 (3,56c)},
MRREVIEWER = {J. F. Randolph},
}


@book{hallett2004david,
  title={David Hilbert's lectures on the foundations of geometry, 1891-1902},
  author={Hallett, M. and Majer, U.},
  volume={1},
  year={2004},
  publisher={Springer}
}

@book{mendelson1997introduction,
  title={Introduction to mathematical logic},
  author={Mendelson, E.},
  year={1997},
  publisher={Chapman \& Hall/CRC}
}

@article{oystein1944galois,
  title={Galois connections},
  author={Oystein, O.},
  journal={Trans. Amer. Math. Soc},
  volume={55},
  pages={494--513},
  year={1944}
}



@incollection {MR2906964,
    AUTHOR = {Materna, Pavel},
     TITLE = {A notion of concept is either superfluous or procedural},
 BOOKTITLE = {The logica yearbook 2010},
     PAGES = {125--142},
 PUBLISHER = {Coll. Publ., London},
      YEAR = {2011},
   MRCLASS = {03A05},
  MRNUMBER = {2906964},
}
				
@incollection {MR1607587,
    AUTHOR = {Materna, P.},
     TITLE = {The concept of a concept},
 BOOKTITLE = {Logical investigations, {N}o.\ 2 ({R}ussian)},
     PAGES = {82--89},
 PUBLISHER = {``Nauka''},
   ADDRESS = {Moscow},
      YEAR = {1993},
   MRCLASS = {03A05},
  MRNUMBER = {1607587},
}
		
@incollection {MR0535749,
    AUTHOR = {Materna, P.},
     TITLE = {Truth and formal consistency of an empirical theory and the
              concept of meaning},
 BOOKTITLE = {Philosophy and logic ({R}ussian)},
     PAGES = {147--155},
 PUBLISHER = {Nauka},
   ADDRESS = {Moscow},
      YEAR = {1974},
   MRCLASS = {02B99 (02A05 02G99)},
  MRNUMBER = {0535749 (58 \#27300)},
}
		
@article {MR0215715,
    AUTHOR = {Tich{\'y}, Pavel},
     TITLE = {A remark on the concept of problem and solvability},
   JOURNAL = {Kybernetika (Prague)},
  FJOURNAL = {Kybernetika},
    VOLUME = {3},
      YEAR = {1967},
     PAGES = {105--109},
      ISSN = {0023-5954},
   MRCLASS = {02.70},
  MRNUMBER = {0215715 (35 \#6550)},
}

@incollection {MR1279843,
    AUTHOR = {Moschovakis, Yiannis N.},
     TITLE = {Sense and denotation as algorithm and value},
 BOOKTITLE = {Logic {C}olloquium '90 ({H}elsinki, 1990)},
    SERIES = {Lecture Notes Logic},
    VOLUME = {2},
     PAGES = {210--249},
 PUBLISHER = {Springer},
   ADDRESS = {Berlin},
      YEAR = {1993},
   MRCLASS = {03D80 (03A05 03B10 03B45 03B65 03D75)},
  MRNUMBER = {1279843 (95e:03136)},
MRREVIEWER = {Roman Murawski},
}


@incollection {MR1964879,
    AUTHOR = {Backhouse, Roland},
     TITLE = {Galois connections and fixed point calculus},
 BOOKTITLE = {Algebraic and coalgebraic methods in the mathematics of
              program construction ({O}xford, 2000)},
    SERIES = {Lecture Notes in Comput. Sci.},
    VOLUME = {2297},
     PAGES = {89--148},
 PUBLISHER = {Springer},
   ADDRESS = {Berlin},
      YEAR = {2002},
   MRCLASS = {68Q65 (06A15 18C50 68Q60)},
  MRNUMBER = {1964879},
       DOI = {10.1007/3-540-47797-7_4},
}
		
@article {MR1645667,
    AUTHOR = {Backhouse, Roland},
     TITLE = {Pair algebras and {G}alois connections},
   JOURNAL = {Inform. Process. Lett.},
  FJOURNAL = {Information Processing Letters},
    VOLUME = {67},
      YEAR = {1998},
    NUMBER = {4},
     PAGES = {169--175},
      ISSN = {0020-0190},
     CODEN = {IFPLAT},
   MRCLASS = {06A15 (06A06 68Q99)},
  MRNUMBER = {1645667 (99g:06008)},
MRREVIEWER = {Josef Niederle},
       DOI = {10.1016/S0020-0190(98)00107-0},
}
		
@article {MR1454586,
    AUTHOR = {Doornbos, Henk and Backhouse, Roland and van der Woude, Jaap},
     TITLE = {A calculational approach to mathematical induction},
   JOURNAL = {Theoret. Comput. Sci.},
  FJOURNAL = {Theoretical Computer Science},
    VOLUME = {179},
      YEAR = {1997},
    NUMBER = {1-2},
     PAGES = {103--135},
      ISSN = {0304-3975},
     CODEN = {TCSDI},
   MRCLASS = {68Q60 (03G15 04A05 06A15)},
  MRNUMBER = {1454586 (98i:68187)},
MRREVIEWER = {D. Rosenblatt},
       DOI = {10.1016/S0304-3975(96)00154-5},
}



@book {MR1408683,
    AUTHOR = {Winkler, F.},
     TITLE = {Polynomial algorithms in computer algebra},
    SERIES = {Texts and Monographs in Symbolic Computation},
 PUBLISHER = {Springer-Verlag},
   ADDRESS = {Vienna},
      YEAR = {1996},
     PAGES = {viii+270},
      ISBN = {3-211-82759-5}
}




@book {MR1712872,
    AUTHOR = {Mac Lane, Saunders},
     TITLE = {Categories for the working mathematician},
    SERIES = {Graduate Texts in Mathematics},
    VOLUME = {5},
   EDITION = {Second},
 PUBLISHER = {Springer-Verlag},
   ADDRESS = {New York},
      YEAR = {1998},
     PAGES = {xii+314},
      ISBN = {0-387-98403-8},
   MRCLASS = {18-02},
  MRNUMBER = {1712872 (2001j:18001)},
}


@book {MR1890980,
     TITLE = {From {F}rege to {G}\"odel},
    EDITOR = {van Heijenoort, Jean},
      NOTE = {A source book in mathematical logic, 1879--1931,
              Reprint of the third printing of the 1967 original},
 PUBLISHER = {Harvard University Press},
   ADDRESS = {Cambridge, MA},
      YEAR = {2002},
     PAGES = {xii+665},
      ISBN = {0-674-32449-8},
}
	
@article{DBLP,
  author    = {Peder Olesen Larsen and
               Markus von Ins},
  title     = {The rate of growth in scientific publication and the decline in coverage provided by Science Citation Index},
  journal   = {Scientometrics},
  volume    = {84},
  number    = {3},
  pages     = {575--603},
  year      = {2010}
}
